4364 5736
606 536 677 608 106
1073 555 1280 610 conannas
1306 556 1435 612 conns.

605 744 663 808 per
687 721 773 806 qnod
797 721 831 787 in
855 719 998 788 instanti
1023 723 1115 790 obiit.
1161 725 1207 792 Et
1231 725 1347 792 dicunt
1371 726 1457 810 quod
1481 725 1590 792 dictus
1613 747 1694 811 equs
1718 727 1780 794 luit
1804 745 1907 792 cauas

499 849 512 920 Ι·
606 827 724 892 mortis
739 825 844 910 ipsius
859 827 1014 893 Willehni
1031 831 1064 892 et
1080 829 1289 912 appreciatur
1311 831 1345 894 in
1369 830 1412 914 xij
1418 879 1425 892 .
1436 829 1468 894 d.
1493 830 1580 896 unde
1595 831 1710 898 villata
1733 832 1773 896 de
1787 830 1904 898 Wrok-

608 933 675 997 sale
691 935 847 998 oneratur
864 934 902 996 ut
918 932 1090 998 deodanda
1105 933 1203 1016 regis.

1558 1023 1746 1089 Johennem
1763 1023 1836 1106 Gay

673 1123 720 1190 Et
750 1121 924 1208 Philippus
958 1124 1087 1208 Bragge
1119 1127 1169 1190 est
1200 1125 1329 1210 primns
1360 1124 1513 1192 inventor
1557 1128 1759 1193 Willelmum
1771 1126 1881 1210 Brydc

609 1229 688 1295 dicti
709 1229 866 1297 Willelmi
890 1229 946 1313 qui
968 1233 1191 1314 manucaptue
1214 1234 1264 1296 est
1287 1252 1345 1315 per
1557 1231 1746 1297 ‚Iohannem
1762 1230 1878 1298 Childe

1557 1335 1742 1400 Henricum
1757 1334 1898 1400 Dobbe.²

674 1574 854 1660 Inquisicio
877 1579 974 1659 capta
996 1595 1108 1642 coram
1124 1575 1278 1642 Johanne
1296 1577 1444 1642 Auncell’
1466 1580 1660 1643 coronatore
1674 1575 1802 1642 domini
1818 1575 1906 1657 regis

608 1682 697 1766 apud
724 1681 943 1746 Ercheslonte
969 1680 1021 1746 die
1047 1681 1185 1746 Sabbati
1210 1681 1245 1745 in
1272 1681 1386 1766 vigilia
1416 1683 1543 1748 Pasche
1572 1703 1662 1748 anno
1693 1682 1788 1765 regni
1817 1681 1906 1764 regis

607 1785 742 1852 Ricardi
756 1785 864 1869 primo
879 1785 920 1850 de
935 1789 1042 1851 morte
1058 1786 1223 1852 lobannis
1241 1787 1332 1852 Hore
1355 1807 1454 1872 super
1469 1786 1579 1852 visum
1595 1787 1741 1871 corporis
1756 1787 1905 1872 ejusdem

607 1889 772 1956 Johannis
795 1911 853 1973 per
876 1893 1124 1955 sacramentum
1148 1937 1157 1954 .
1181 1937 1191 1955 .
1215 1892 1244 1954 Ἀ
1267 1894 1300 1956 et
1322 1911 1380 1974 per
1404 1894 1650 1956 sacramentum
1667 1889 1857 1956 decennarii
1871 1895 1905 1956 et

607 1997 752 2062 decenne
777 1995 817 2061 de
844 1996 952 2063 Sterte
976 1997 1009 2061 et
1035 1994 1223 2060 decennarii
1248 1999 1281 2062 et
1306 1996 1449 2062 decenne
1475 1997 1514 2061 de
1542 1997 1851 2079 Hechelhamptone
1870 1999 1905 2060 et

607 2099 797 2176 decennarii
819 2101 852 2165 et
876 2099 1020 2164 decenne
1043 2099 1084 2165 de
1098 2099 1363 2184 Wedhamptone
1385 2103 1418 2166 et
1441 2099 1631 2166 decennarii
1654 2103 1687 2176 et
1706 2100 1849 2166 decenne
1865 2099 1906 2164 de

606 2205 728 2271 Escote
744 2204 784 2270 de
799 2203 1089 2290 propinquioribus
1106 2209 1248 2288 quatuor
1264 2205 1397 2270 villatis.
1444 2205 1508 2286 Qui
1529 2226 1645 2270 omnes
1668 2205 1784 2270 dicunt
1806 2224 1906 2288 super

607 2312 854 2376 sacramentum
884 2331 982 2375 snum
1013 2309 1100 2392 quod
1130 2311 1226 2376 nocte
1257 2309 1322 2376 diei
1352 2310 1525 2377 Dominice
1555 2314 1646 2394 prox’
1677 2312 1752 2394 post
1782 2311 1905 2374 testum

609 2414 725 2482 Sancti
754 2413 882 2480 Mathis
911 2413 1061 2498 Apostoli
1087 2435 1177 2480 anno
1207 2414 1300 2498 regni
1324 2413 1411 2499 regis
1436 2415 1571 2480 Ricardi
1600 2413 1708 2499 primo
1734 2414 1906 2480 Johannes

507 2525 514 2544 '
609 2518 727 2584 Suoter
750 2515 838 2582 filius
865 2515 1001 2582 Roberti
1025 2517 1144 2584 Suoter
1167 2517 1258 2582 venit
1281 2517 1323 2582 ad
1347 2518 1483 2584 domum
1509 2517 1675 2584 Johannis
1702 2518 1793 2583 Hore
1816 2516 1906 2601 apud

606 2623 826 2689 Erchesfonte
841 2623 874 2688 et
890 2621 1012 2686 ibidem
1028 2622 1137 2687 dictus
1153 2622 1325 2688 Johannes
1339 2623 1458 2690 Suoter
1474 2622 1599 2688 dictum
1613 2623 1803 2688 Johannem
1814 2623 1910 2688 Hora

607 2747 684 2791 cum
709 2746 776 2791 uno
803 2725 913 2809 gladio
939 2725 1102 2810 percussit
1128 2725 1164 2790 in
1188 2726 1303 2792 dextro
1327 2725 1484 2792 brachia⁵
1506 2747 1564 2810 per
1587 2727 1674 2811 quod
1697 2726 1789 2805 obiit,
1807 2730 1839 2792 et
1859 2726 1906 2791 sic

606 2830 717 2914 ipsum
744 2829 881 2896 felonice
908 2829 1084 2896 interfecit.
1144 2831 1191 2896 Et
1219 2831 1333 2896 dicunt
1364 2831 1452 2916 quod
1479 2832 1586 2899 dictus
1614 2831 1785 2898 Johannes
1815 2832 1906 2897 Hore

606 2935 725 3002 habuit
745 2935 824 3020 jura
851 2935 1082 3002 ecclesiastica.
1134 2936 1181 3001 Et
1206 2936 1315 3002 dietus
1343 2937 1472 3021 gladius
1496 2937 1708 3021 appreciatur
1733 2937 1768 3001 in
1795 2937 1855 3022 iiij.
1874 2936 1906 3002 d.

607 3041 696 3107 unde
712 3040 930 3108 decennarius
946 3043 978 3106 et
995 3042 1143 3108 decenne
1158 3042 1197 3108 de
1213 3043 1315 3107 Erch’
1331 3045 1512 3108 oneratur⁶
1527 3047 1565 3108 ut
1584 3042 1757 3108 deodanda
1780 3041 1907 3106 domini

607 3147 704 3230 regis.
751 3147 798 3212 Et
813 3145 982 3230 predictus
998 3146 1170 3214 dohannes
1188 3148 1306 3216 Sueter
1328 3169 1363 3213 sc
1385 3147 1524 3214 retraxit
1547 3149 1580 3214 et
1603 3147 1707 3213 nichil
1729 3147 1848 3214 habuit
1870 3147 1907 3212 in

1076 3657 1432 3761 [wrarsarasff]

435 3877 520 3919 Meml
610 3857 776 3912 RECORD'
807 3855 946 3910 THOME
978 3855 1161 3911 BOWIERE
1196 3857 1246 3910 ΕΤ
1279 3857 1450 3912 ROBERTI
1484 3859 1587 3914 BOUT
1620 3859 1910 3916 CORONA'PORUM

681 3945 827 3998 DOMINI
847 3941 964 3996 REGIS
986 3943 1028 3995 IN
1051 3944 1232 3998 CIVITATE
1252 3945 1355 4000 NOVE
1378 3945 1621 4000 SARISBIRIE⁸
1645 3948 1697 4001 AD
1717 3947 1910 4002 OFFICIUM

682 4029 912 4086 PREDICTUM
938 4029 1176 4084 JURATORUM
1205 4031 1275 4083 DIE
1309 4017 1454 4085 MAR'r'Is
1485 4033 1595 4087 PROX'
1627 4035 1720 4088 POS'P
1750 4035 1910 4089 FESTUM

683 4117 820 4173 SANGTI
850 4117 1068 4170 LAURENOII
1099 4117 1204 4171 ANNO
1236 4117 1362 4172 REGNI
1393 4117 1511 4174 REGIS
1542 4121 1705 4175 RICARDI
1737 4122 1910 4177 SECUNDI

683 4205 775 4259 POST
800 4203 1065 4269 CONQUESTUM
1090 4203 1246 4268 QUINTO.

437 4341 546 4431 vnffinrp
679 4316 859 4402 Inquisicio
881 4319 980 4400 capta
1002 4316 1090 4400 apud
1114 4318 1245 4384 Novam
1272 4318 1342 4384 Sar’
1370 4319 1422 4384 die
1447 4319 1542 4386 Lune
1569 4321 1659 4404 prox'
1684 4325 1760 4405 post
1788 4322 1910 4388 festum

439 4442 515 4482 arare
615 4423 773 4490 Omnium
802 4423 1001 4490 Sanctorum
1032 4442 1121 4487 anno
1151 4422 1246 4506 regni
1276 4422 1362 4506 regis
1396 4424 1529 4488 Ricardi
1560 4425 1698 4490 secundi
1730 4429 1804 4510 post
1835 4447 1911 4492 con·

614 4531 768 4612 questum
785 4527 901 4612 quinto
917 4547 1029 4594 coram
1045 4527 1172 4594 Thema
1187 4527 1334 4594 Bowiere
1353 4531 1386 4594 et
1401 4529 1545 4596 Roberto
1560 4529 1648 4598 Bout
1664 4531 1913 4597 coronatoribus

649 4659 680 4688 ¹·¹
694 4655 802 4706 Grossed
814 4659 868 4706 out.
1322 4659 1331 4686 ⁷
1348 4656 1407 4706 Boll
1419 4659 1475 4716 204,
1485 4661 1535 4707 two
1544 4657 1715 4717 membraneo,
1726 4661 1774 4710 5-7
1785 4659 1860 4710 Rich.
1870 4659 1915 4719 11..

648 4723 706 4772 ¹Iu
721 4722 767 4772 the
785 4722 858 4772 other
876 4736 948 4771 ceses
960 4721 988 4771 in
1001 4719 1054 4770 this
1065 4720 1112 4770 roll
1126 4721 1171 4770 the
1183 4721 1239 4772 first
1289 4723 1441 4784 containing
1461 4724 1533 4785 eight
1553 4725 1670 4786 inquests
1691 4725 1723 4788 by
1745 4727 1835 4775 twelve
1853 4741 1914 4775 men

614 4789 698 4840 finder
708 4788 839 4852 generally
851 4787 977 4851 produces
989 4789 1046 4837 tour
1059 4787 1171 4850 pledges.
1289 4789 1341 4838 end
1360 4789 1393 4852 by
1409 4789 1453 4838 the
1472 4791 1605 4840 alderman
1626 4791 1677 4840 end
1695 4793 1753 4841 four
1770 4807 1831 4841 men
1846 4793 1914 4841 from

648 4857 658 4886 ⁸
674 4854 775 4904 Twelve
787 4869 886 4904 names.
988 4855 1020 4883 Η
1033 4853 1142 4903 Crossed
1154 4858 1208 4904 out,
1289 4855 1353 4903 eaclr
1371 4857 1398 4904 ol
1415 4858 1473 4905 four
1485 4857 1567 4906 warda
1585 4859 1611 4906 cl
1627 4857 1777 4919 salissam
1796 4859 1851 4908 elso
1863 4863 1913 4908 two

647 4925 658 4952 ⁸
675 4921 730 4972 su.
994 4921 1004 4949 ⁴
1021 4919 1074 4971 stc.
1289 4921 1404 4984 appcsls.
1669 4927 1679 4953 ⁸
1696 4925 1751 4975 MS.
1764 4925 1835 4976 Sar’.
