4372 5724
598 579 644 658 17
1065 598 1272 654 cononnns
1298 599 1426 656 noune.

596 761 716 837 entello
732 775 846 838 vocato
861 771 981 858 broche
997 770 1160 835 insultum
1184 769 1260 835 lecit
1283 769 1319 834 111
1334 771 1518 837 Walterum
1540 769 1647 836 filium
1670 771 1897 840 Bartholomei

597 877 696 961 Calye
712 877 810 944 616116
825 878 1051 982 xlffennorum
1074 878 1107 940 et
1130 895 1207 939 eum
1230 875 1366 940 felonice
1389 875 1763 958 occidit'percussiendo
1785 877 1896 962 ipsum

597 982 632 1045 in
647 983 762 1048 ventre
787 982 941 1064 inparte
964 981 1100 1046 sinistra
1116 980 1212 1062 juxta
1236 980 1454 1059 umbilicum,¹
1473 981 1561 1045 unde
1585 981 1769 1064 languebat
1792 1004 1896 1066 usque

596 1087 714 1152 horam
731 1107 854 1178 nonem
865 1087 917 1150 die
934 1085 1107 1150 Dominica
1122 1086 1212 1167 prox'
1224 1086 1374 1168 sequenti
1390 1088 1422 1150 et
1438 1089 1518 1166 tuno
1530 1085 1607 1150 inde
1622 1086 1703 1152 obiit
1718 1090 1895 1172 postquam
2006 1149 2012 1162 ,

472 1249 482 1283 c
597 1191 714 1256 hebuit
738 1191 815 1274 jure
840 1189 1070 1255 ecclesiastice.
1117 1190 1163 1254 Et
1187 1188 1301 1254 dieunt
1328 1190 1415 1273 quod
1439 1189 1607 1272 predictus
1632 1191 1803 1258 Johcnnes
1827 1193 1896 1278 Ode

597 1295 712 1358 statim
726 1293 831 1375 fugiit,
843 1295 900 1390 qui
911 1293 1028 1358 habuit
1040 1293 1160 1358 catella
1170 1293 1212 1358 ad
1224 1293 1405 1358 valenc'iam
1419 1293 1553 1358 dimidie
1563 1315 1673 1360 merce
1683 1295 1770 1360 unde
1780 1296 1896 1362 villata
1957 1311 1963 1322 '

599 1503 686 1568 unde
702 1503 791 1568 (11616
806 1504 919 1570 villata
943 1524 1019 1567 cum
1043 1503 1213 1568 hamelett’
1230 1502 1450 1586 respondebit.
1497 1503 1543 1568 Et
1567 1503 1760 1588 preceptum
1783 1503 1895 1589 ipsum
1938 1547 1942 1554 ·

468 1633 472 1642 ’
596 1629 722 1691 capere,
740 1611 801 1676 etc.

600 1931 607 1942 '
662 1937 782 2003 Villate
798 1936 837 2001 de
854 1934 1047 2020 Tiryngton,
1064 1934 1202 2018 Welpol,
1219 1933 1406 2014 Walsokne,
1423 1935 1514 2002 West
1530 1935 1662 2002 Walton
1678 1957 1755 2002 cum
1770 1936 1894 2003 hemel·

596 2042 667 2108 lett'
685 2041 725 2106 (16
741 2040 918 2105 Enemeth'
935 2043 1129 2124 presentant
1156 2039 1251 2122 quod·
1266 2039 1429 2105 Robertus
1450 2039 1539 2134 filius
1561 2041 1631 2105 Ade
1646 2041 1694 2106 de
1716 2041 1894 2107 Enemeth'
1912 2043 1920 2058 '

551 2166 554 2172 ·
596 2145 695 2212 etatis
726 2144 946 2228 quadraginta
977 2165 1141 2210 annorum
1173 2145 1231 2208 die'
1262 2143 1358 2209 Lune
1387 2145 1478 2228 prox’
1510 2147 1589 2211 61116
1619 2145 1743 2211 16616111
1775 2146 1895 2213 Sancte

539 2237 543 2245 ’
568 2303 571 2308 .
596 2250 782 2332 Margarete
798 2269 887 2314 anno
902 2248 995 2330 regni
1010 2247 1097 2332 regis
1120 2247 1276 2336 Edwardi
1291 2247 1385 2314 tercii
1405 2251 1480 2332 post
1495 2235 1712 2332 conquestum
1727 2249 1895 2316 tricesimo

597 2358 687 2421 sexto
704 2353 792 2437 apud
808 2353 1159 2418 Enemeth'inventus
1175 2352 1238 2418 fuit
1254 2351 1484 2417 occisus-cirea
1498 2353 1616 2419 horam
1632 2353 1868 2436 vespertinam.

591 2493 593 2498 v
663 2459 758 2524 Unde
774 2457 826 2526 die
841 2457 961 2522 Martis
983 2457 1073 2541 prox’
1089 2459 1165 2540 post
1181 2457 1303 2522 festum
1329 2457 1450 2537 Sancte
1472 2458 1659 2540 Margarete
1675 2478 1766 2523 annu
1780 2479 1895 2541 supra·

596 2563 684 2628 dicto
695 2560 868 2646 inquisioio
880 2560 1064 2644 indecepta
1075 2561 1351 2644 apudEnemeth'
1368 2582 1426 2645 per
1444 2585 1451 2626 .·
1470 2609 1478 2625 .
1497 2562 1520 2625 .³
1531 2562 1599 2645 jur’
1616 2565 1648 2627 et
1660 2583 1719 2645 per
1730 2562 1895 2646 predictae

440 2655 493 2719 min
587 2670 738 2751 'quatuor
764 2661 896 2730 villatas
917 2665 995 2748 jur’.
1042 2665 1105 2745 Qui
1135 2663 1250 2744 dicunt
1277 2685 1376 2748 super
1406 2669 1654 2758 sacrameptum
1679 2687 1779 2756 suum
1809 2665 1896 2748 quod

551 2825 558 2866 3
596 2769 732 2855 quidam
741 2769 926 2838 Willelmus
937 2767 1128 2851 Greuntpee
1139 2768 1179 2833 de
1191 2768 1353 2834 comitatu
1362 2757 1533 2834 Hertford'
1546 2769 1598 2834 die
1608 2770 1703 2835 Lune
1712 2769 1803 2854 prox’
1817 2771 1897 2835 ante

596 2875 718 2941 festum
745 2875 865 2941 Sancte
887 2853 1074 2955 Margarete
1100 2893 1188 2937 enno
1211 2872 1304 2954 regni
1327 2873 1413 2956 regis
1436 2873 1593 2939 Edwardi
1615 2873 1709 2970 tercii
1729 2876 1803 2958 post
1819 2895 1895 2940 con·
2002 2895 2020 2938 .·

596 2983 749 3062 questum
766 2978 932 3043 tricesimo
948 2979 1038 3042 661116
1062 2977 1150 3060 apud
1168 2977 1346 3043 Enemeth’
1363 2998 1439 3043 cum
1455 2979 1599 3061 quodam
1614 2979 1734 3056 eutelio
1749 2981 1896 3044 extracto
1915 3047 1918 3052 ,

595 3083 631 3146 111
647 3083 829 3148 Roberlum
851 3081 958 3145 filium
981 3081 1050 3156 Ade
1066 3081 1106 3146 de
1129 3081 1307 3147 Enemeth’
1323 3081 1487 3147 insultum
1511 3081 1587 3147 lecit
1603 3085 1636 3148 61
1652 3103 1728 3147 eum
1747 3081 1894 3146 ·felonice
1967 3169 1971 3180 Ι
2101 3155 2105 3162 ,

596 3187 714 3252 occidit
740 3185 973 3274 percussiendo
997 3205 1171 3250 eumcum
1198 3185 1285 3251 dicto
1309 3185 1428 3251 cutello
1453 3206 1556 3269 usque
1579 3186 1621 3250 ad
1644 3173 1709 3264 cor,
1724 3204 1784 3268 per
1806 3185 1894 3268 quod

478 3359 481 3364 Δ
597 3291 711 3356 eodem
727 3283 881 3355 (11661166
897 3289 974 3355 66116
986 3299 1138 3355 occe’sum
1152 3289 1232 3354 obiit
1247 3292 1424 3374 postquam
1440 3289 1558 3355 habuit
1570 3289 1649 3376 jura
1664 3288 1894 3354 ecclesiastica.

553 3435 559 3448 -
597 3393 643 3458 Et
657 3393 771 3459 ¹nullus
787 3393 872 3482 alius
888 3393 927 3496 de
943 3397 1050 3476 morte
1066 3392 1218 3477 predicte
1233 3393 1320 3458 male
1336 3393 1492 3458 creditur.
1537 3393 1584 3458 Et
1607 3393 1695 3458 idem
1711 3391 1895 3476 Willelmue
1975 3469 1979 3476 Ι

597 3517 665 3563 non
687 3497 805 3562 habuit
829 3497 958 3574 catalla,
986 3501 1048 3562 616.
1094 3496 1247 3564 Precium
1270 3497 1381 3563 cutelli
1405 3497 1458 3562 ob.
1486 3497 1574 3562 unde
1599 3497 1713 3563 villata
1736 3496 1777 3562 de
1804 3497 1897 3562 West

598 3601 731 3667 Welton
747 3622 823 3666 cum
839 3600 1018 3665 Enemeth’.
1035 3600 1258 3683 respondebit.
1303 3601 1353 3666 Et
1367 3599 1476 3665 dictus
1491 3589 1805 3667 Willelmus'statim
1821 3603 1897 3684 post
1987 3643 2001 3670 ·.

599 3701 722 3812 dictam
746 3705 903 3782 teloniam
927 3705 1049 3770 lactem
1074 3707 1191 3788 captus
1215 3704 1278 3770 luit
1305 3707 1338 3770 61
1362 3704 1495 3789 prisone
1519 3705 1663 3789 episcopi
1685 3705 1831 3771 Eliensis
1856 3705 1896 3772 de
1968 3801 1970 3806 ι

598 3813 746 3880 Derham
761 3811 884 3878 missus
900 3810 964 3877 tuit
979 3812 1012 3876 61
1027 3809 1181 3894 traditus,
1198 3811 1259 3876 616.
1344 3903 1347 3908 ¹
1430 3825 1433 3832 ·

662 4027 782 4108 Ι11111616
813 4039 853 4104 (16
884 4017 1070 4114 1161661166,
1094 4039 1185 4104 West
1216 4037 1358 4105 Welton’
1382 4043 1464 4106 cum'
1490 4037 1680 4118 Enemeth’,
1703 4037 1835 4122 Welpol
1861 4040 1895 4106 61
2013 4037 2016 4044 ’

578 4145 789 4230 ‘Tiryngton’
814 4129 1008 4228 presentant
1033 4135 1120 4226 quod
1142 4141 1309 4208 (11616116
1333 4143 1369 4208 in
1392 4145 1475 4209 festo
1500 4144 1732 4228 Apostolorum
1756 4143 1846 4227 Petri
1861 4147 1895 4210 61

527 4275 531 4282 ·
595 4251 692 4317 Ρ61111
707 4271 795 4318 enno
810 4249 903 4331 regni
918 4247 1006 4332 regis
1021 4247 1177 4312 Edwardi
1193 4247 1286 4312 tercii
1300 4250 1375 4331 post
1391 4251 1606 4330 conquestum
1621 4249 1787 4316 tricesimo
1797 4253 1895 4340 ’661116

596 4355 683 4421 circe
697 4355 815 4422 horem
830 4351 1055 4437 vespertinam
1071 4351 1228 4416 inventus
1244 4351 1306 4416 luit
1323 4351 1459 4416 occisus.
1484 4400 1492 4416 .
1517 4399 1526 4415 .
1552 4353 1574 4415 .⁴
1613 4407 1616 4416 .

661 4455 840 4546 Ipquisicio
855 4455 933 4521 inde
948 4463 1046 4540 cepta
1062 4454 1150 4538 apud
1174 4454 1369 4538 Tiryngton'
1386 4475 1497 4522 eorem
1513 4455 1675 4521 Willelmo
1697 4443 1919 4534 Alisaunder,
1950 4535 1954 4544 ¹
2009 4463 2011 4468 '
2045 4457 2049 4488 ³

596 4567 787 4630 coronatore
803 4559 930 4627 domini
945 4559 1031 4644 regis
1046 4559 1082 4623 in
1098 4557 1258 4624 comitatu
1274 4557 1378 4624 Norff'
1394 4561 1427 4624 61
1443 4559 1530 4624 (11616
1545 4559 1687 4641 Hugone
1703 4563 1896 4625 coronatore
2052 4559 2056 4576 “

596 4667 722 4734 domini
746 4654 832 4749 regis
855 4663 1018 4730 libertatis
1044 4661 1188 4746 episcopi
1210 4661 1356 4728 Ellensis
1377 4661 1412 4726 in
1435 4662 1586 4746 pertibus
1609 4662 1820 4728 Mersohlend
1843 4663 1895 4729 die

628 4968 634 4994 ¹
655 4965 709 5014 MS,
722 4962 818 5012 umlic'.
930 4961 964 4989 ²·²
981 4957 1091 5008 Orossed
1103 4959 1156 5007 out.
1290 4958 1299 4986 ¹
1317 4945 1417 5005 Twelve
1430 4968 1528 5004 names.
1640 4958 1648 4986 ⁴
1666 4955 1751 5006 Blanlr
1763 4955 1791 5006 in
1803 4956 1859 5009 MS.
