4372 5724
566 533 615 612 43
1032 547 1238 606 66666666
1263 548 1393 604 noane.

566 727 758 790 coronatore
773 723 862 808 apud
871 719 1048 788 Horsaeth'
1065 719 1118 786 die
1134 721 1155 787 J
1156 719 1226 787 ovis
1241 723 1331 805 prox'
1349 718 1500 805 sequenti
1514 720 1548 786 et
1563 719 1650 804 quod
1666 719 1707 788 de
1721 717 1863 786 exitibus

567 831 733 894 terrarum
757 849 871 894 eorum
898 825 1107 910 respondeat,
1135 829 1197 891 616.
1250 825 1302 890 Ad
1326 846 1425 909 quem
1449 825 1635 910 predictum
1660 824 1748 891 diem
1772 821 1865 890 Jovis

568 935 735 1020 predictus
781 932 922 1000 ballivus
970 929 1157 996 returnavit
1202 932 1396 1015 preceptum
1434 951 1544 996 suum.
1603 930 1651 996 Et
1695 927 1865 1014 predictus
1913 933 1917 942 '

569 1041 756 1115 coronator,
771 1041 834 1102 etc.
857 1035 949 1102 venit
972 1033 1106 1100 ibidem.
1151 1033 1199 1100 Et
1222 1034 1376 1100 similiter
1397 1035 1545 1120 predicte
1568 1034 1681 1102 villata
1703 1034 1867 1101 venerunt

569 1143 705 1208 ibidem.
752 1143 799 1208 Et
829 1141 930 1207 libere
960 1143 1114 1208 tenentes
1144 1139 1271 1206 scilicet
1299 1139 1487 1207 Willelmus
1514 1141 1690 1226 Godeirey,
1722 1139 1869 1205 Thomas

569 1249 600 1316 le
637 1247 738 1326 Lord,
769 1248 934 1316 Walterus
963 1246 995 1312 le
1026 1244 1160 1330 Smyth,
1187 1244 1350 1312 Ricardus
1379 1243 1470 1311 filius
1500 1245 1684 1329 Reginaldi,
1723 1244 1868 1309 Thomas

570 1353 602 1419 le
639 1353 786 1419 Taillour
823 1355 857 1418 et
894 1351 995 1436 Hugo
1033 1349 1137 1434 (lolyn
1175 1352 1338 1440 venerunt
1368 1351 1450 1416 1666
1487 1349 1623 1416 ibidem.
1683 1349 1740 1414 Et.
1765 1396 1773 1414 .
1798 1395 1806 1413 .
1831 1347 1866 1412 .¹

570 1479 639 1525 non
658 1461 832 1549 venerurrt.
877 1455 956 1522 Ideo
982 1439 1055 1538 ipsi'
1068 1453 1105 1518 in
1127 1453 1363 1520 misericordia.
1407 1453 1454 1520 Et
1477 1454 1618 1521 ballivus
1639 1452 1810 1540 respondit
1830 1451 1870 1518 de

486 1549 493 1562 ⁶
572 1563 712 1631 exitibus
739 1565 917 1638 terrarum,
943 1561 1006 1626 616.
1032 1557 1155 1624 scilicet
1180 1558 1221 1624 de
1245 1558 1399 1624 lohanne
1415 1559 1456 1626 de
1482 1558 1661 1626 Olmested'
1686 1558 1730 1643 vj.
1755 1557 1799 1634 d.,
1830 1554 1871 1622 de

572 1667 715 1735 Michael
730 1667 771 1732 de
780 1665 967 1732 Berkelowe
979 1665 1013 1729 et
1025 1661 1065 1728 de
1075 1662 1149 1728 aliia
1161 1662 1318 1746 predictis
1328 1661 1385 1746 qui
1401 1665 1482 1729 tunc
1491 1684 1560 1728 non
1571 1666 1733 1729 venerunt
1748 1661 1871 1727 ibidem

573 1774 614 1840 de
640 1772 786 1856 quolibet
812 1790 927 1836 eorum
948 1767 995 1852 iij.
1020 1767 1052 1832 d.
1097 1767 1144 1832 Et
1170 1770 1364 1851 preceptum
1384 1765 1448 1833 iuit
1468 1766 1589 1833 ballivo
1613 1767 1761 1851 predicto
1785 1765 1872 1831 siout

573 1877 657 1945 alias
672 1875 850 1958 distringat
875 1873 1064 1940 iohannem
1080 1871 1120 1938 de
1143 1871 1335 1950 Olmested’,
1351 1871 1554 1939 Willelmum
1577 1870 1727 1937 Bernard
1742 1873 1775 1936 et
1791 1869 1873 1935 alios

575 1982 632 2068 qui
662 1984 812 2048 fecerunt
837 1981 1008 2058 defaltum,
1035 1981 1097 2044 etc.
1120 1977 1170 2043 116
1194 1977 1282 2060 quod
1298 1977 1436 2044 haberet
1452 1997 1590 2062 corpora
1616 1997 1732 2044 eorum
1762 1995 1874 2042 coram

574 2088 703 2174 prefato
719 2089 912 2154 coronatore
928 2084 1017 2168 apud
1039 2083 1218 2149 Horsaeth'
1243 2082 1295 2148 die
1317 2082 1454 2148 Veneris
1477 2083 1568 2166 prox’
1585 2080 1748 2165 sequenti,
1763 2082 1825 2146 etc.
1841 2081 1875 2145 61

575 2193 663 2278 quod
679 2193 718 2272 (16
734 2189 876 2257 exitibus
898 2193 1075 2266 terrarum,
1092 2191 1155 2254 616.
1179 2188 1389 2270 respondeat,
1407 2191 1469 2253 etc.
1515 2187 1562 2252 Et
1585 2185 1674 2250 idem
1691 2184 1760 2250 dies
1776 2183 1876 2250 datus

576 2301 626 2364 eet
641 2296 799 2382 predictis
815 2293 937 2360 villatis
961 2296 994 2359 et
1017 2293 1119 2358 libere
1142 2291 1333 2358 tenentibus
1356 2291 1509 2357 videlicet
1531 2291 1696 2359 Willelmo
1712 2289 1877 2372 Godefrey

576 2406 609 2468 et
625 2403 699 2469 aliis
726 2399 783 2485 qui
798 2403 879 2465 tuno
903 2400 1074 2482 presentes
1090 2397 1227 2462 fuerunt
1250 2395 1338 2479 quod
1362 2396 1430 2462 sint
1452 2395 1586 2475 ibidem,
1603 2398 1666 2460 eto.
1710 2393 1763 2458 Ad
1778 2413 1876 2476 quem

575 2507 762 2592 predictum
779 2505 867 2570 diem
891 2503 1029 2570 Veneris
1048 2502 1217 2586 predictus
1233 2507 1407 2568 coronator
1433 2501 1524 2568 venit
1540 2504 1573 2567 et
1588 2501 1730 2566 ballivus
1745 2503 1876 2566 return-

577 2611 646 2678 avit
672 2613 866 2694 preceptum
892 2629 1002 2674 suum.
1048 2607 1095 2672 Et
1117 2606 1264 2691 predicte
1286 2605 1399 2672 villate
1421 2609 1503 2672 tuno
1525 2607 1689 2672 venerunt
1714 2607 1746 2669 et
1773 2603 1876 2687 aliqui

576 2717 678 2782 libere
708 2717 860 2779 tenentes
891 2711 1015 2778 scilicet
1048 2712 1237 2779 Semennue
1270 2710 1398 2794 Squier,
1424 2711 1594 2776 lohannes
1618 2709 1659 2774 de
1686 2707 1876 2786 Olmested’,

577 2821 720 2887 Michael
736 2819 776 2884 de
791 2817 988 2895 Berkelowe,
1005 2817 1125 2882 Petrus
1135 2816 1175 2881 de
1191 2816 1338 2894 Penteld,
1349 2815 1702 2892 WillelmusBernard‚
1712 2815 1877 2880 Robertus
1942 2871 1945 2876 .

577 2927 608 2991 16
634 2924 742 3004 Clark,
769 2921 932 2988 Ricardus
957 2921 997 2986 de
1022 2921 1173 3005 Clopton’
1202 2924 1235 2986 et
1261 2921 1446 2987 Willelmus
1473 2919 1580 3004 Tingy
1610 2922 1773 2985 venerunt
1797 2921 1878 2984 tunc

578 3029 712 3095 ibidem.
766 3027 888 3092 Et...
914 3029 945 3090 .²
976 3045 1045 3091 non
1069 3027 1243 3091 venerunt.
1290 3025 1368 3091 Ideo
1393 3025 1457 3110 ipsi
1487 3025 1523 3089 in
1549 3023 1786 3089 misericordia.
1832 3021 1879 3087 Et

579 3134 723 3202 ballivus
737 3130 907 3214 respondit
923 3129 964 3196 de
979 3129 1122 3196 exitibus
1137 3133 1303 3198 terrarum
1320 3151 1445 3208 eorum,
1463 3134 1523 3196 eto.
1541 3129 1663 3195 sedicet
1679 3129 1720 3194 de
1735 3127 1880 3212 quolibet

585 3259 702 3306 eorum
727 3237 783 3322 qui
810 3257 878 3302 non
905 3233 996 3302 venit
1020 3235 1065 3320 vj.
1091 3235 1133 3314 (1.,
1161 3238 1222 3302 616.
1268 3236 1314 3302 Ε1
1339 3238 1531 3321 preceptum
1556 3234 1620 3301 fuit
1649 3233 1770 3300 ballivo
1795 3232 1882 3298 sicut

583 3344 708 3430 pluries
754 3341 933 3424 distringat
976 3340 1179 3408 Willelmum
1218 3341 1435 3420 Underwode,
1472 3339 1674 3408 Willelmum
1712 3337 1881 3416 Hamond,

581 3449 763 3516 Robertum
790 3445 830 3511 de
850 3444 1023 3511 Loundres
1038 3447 1072 3511 et
1098 3445 1180 3510 alios
1205 3444 1262 3528 qui
1286 3439 1366 3511 tunc
1392 3466 1460 3510 non
1486 3446 1649 3512 venerunt
1678 3442 1800 3507 ibidem
1822 3462 1881 3525 per

582 3575 701 3620 omnes
717 3556 823 3619 terras
847 3553 880 3616 et
903 3549 1035 3627 catalla,
1059 3549 1186 3615 eluite
1208 3549 1296 3632 quod
1318 3549 1456 3615 haberet
1480 3569 1617 3632 corpora
1632 3567 1747 3613 eorum
1769 3565 1882 3611 coram

582 3659 712 3744 prefato
734 3657 928 3720 coronatore
952 3653 1041 3737 apud
1064 3653 1241 3718 Horsneth'
1259 3653 1311 3719 (116
1334 3653 1430 3720 Lune
1452 3653 1543 3738 prox’
1570 3650 1721 3736 sequenti
1747 3653 1780 3716 et
1796 3649 1884 3733 quod

584 3764 624 3829 (16
648 3761 790 3829 exitibus
814 3763 990 3837 terrarum,
1016 3761 1077 3824 616.
1105 3758 1314 3842 respondeat,
1331 3761 1393 3825 etc.
1438 3759 1485 3824 Et
1507 3757 1595 3822 idem
1618 3757 1689 3822 dies
1712 3756 1810 3821 datus
1833 3757 1884 3820 est

586 3869 755 3938 Semanno
783 3863 909 3948 Squier,
937 3863 1085 3929 16166661
1109 3863 1149 3929 de
1173 3863 1350 3930 Olmested’
1380 3867 1412 3929 61
1436 3862 1510 3928 aliis
1530 3861 1587 3946 qui
1609 3865 1690 3928 tunc
1714 3863 1884 3944 presentes

585 3974 722 4040 fuerunt
737 3969 870 4035 ibidem.
915 3967 966 4034 Ad
990 3989 1088 4051 quem
1111 3967 1298 4052 predictum
1322 3967 1410 4033 diem
1433 3967 1529 4033 Lune
1551 3966 1720 4051 predictus
1742 3963 1884 4031 ballivus

586 4074 772 4143 returnavit
796 4076 990 4158 preceptum
1018 4093 1127 4138 suum.
1182 4072 1228 4138 Et
1259 4072 1406 4157 predicte
1429 4073 1542 4139 villate
1573 4075 1606 4138 et
1636 4091 1753 4138 omnes
1782 4067 1885 4135 libere
2014 4149 2018 4157 Ι

587 4185 740 4248 16666166
756 4181 920 4246 venerunt
936 4178 1024 4261 apud
1040 4177 1232 4244 Horszeth'.

653 4288 699 4353 Et
715 4285 882 4370 predictus
898 4283 1070 4350 lohannes
1092 4282 1250 4349 Fitn-Jon
1273 4285 1459 4360 coronator,
1483 4285 1545 4348 eto.
1569 4281 1691 4348 ibidem
1711 4279 1885 4363 diligenter

587 4391 761 4477 inquisivit
788 4391 828 4457 de
853 4391 959 4456 morte
983 4387 1125 4472 predicti
1160 4387 1326 4454 Johannis
1353 4388 1383 4452 le
1406 4387 1565 4471 Harpour
1589 4385 1650 4452 filii
1673 4383 1830 4453 Willelmi
1856 4383 1886 4448 le

588 4497 745 4581 Harpour
784 4515 843 4579 per
880 4492 1046 4579 predictas
1092 4495 1236 4577 quatuor
1274 4491 1407 4558 villatas
1444 4490 1697 4575 propinquiores
1735 4486 1886 4554 videlicet

623 4778 629 4806 ¹
649 4775 705 4824 The
716 4788 807 4826 names
819 4773 846 4824 ol
863 4772 908 4824 tho
925 4771 999 4823 other
1010 4771 1129 4823 iourteon
1146 4771 1210 4821 irae-
1295 4771 1304 4800 ¹
1321 4769 1377 4820 The
1394 4785 1484 4822 names
1502 4769 1529 4821 61
1546 4769 1591 4820 the
1615 4769 1690 4820 other
1708 4768 1797 4820 twolve
1821 4767 1885 4816 1666-

588 4841 701 4895 holders.
1261 4835 1375 4888 holders.
