4326 5722
630 543 651 613 9
781 547 782 551 '
989 623 993 628 .
1102 567 1310 634 senonens
1335 568 1466 626 nouus

628 735 783 798 rexerunt
795 732 837 798 ad
849 733 985 800 domum
995 736 1150 802 Willelmi
1166 738 1270 804 Motte
1280 738 1315 806 in
1326 739 1528 823 Godynewik
1539 743 1573 807 et
1588 740 1715 808 dictum
1724 743 1927 812 Willelmum

629 837 872 905 wlneraverunt
887 842 920 906 61
936 841 1031 924 quasi
1046 845 1217 909 mortuum
1241 842 1351 928 ipsum
1377 843 1576 911 dimiserunt
1592 849 1625 911 ct
1649 851 1764 929 postca
1789 846 1927 912 domum

629 963 724 1008 suam
741 944 1005 1012 combusserunt.
1050 947 1097 1013 Et
1120 948 1207 1014 idem
1230 949 1414 1014 Willelmns
1429 950 1535 1015 Motts
1550 950 1631 1016 vixit
1646 971 1751 1035 usque
1773 951 1816 1016 ad
1839 950 1927 1016 diem

629 1049 725 1114 Luna
740 1050 925 1132 proximam
938 1057 1129 1135 sequentem
1139 1057 1172 1120 et
1182 1054 1300 1120 habuit
1312 1055 1390 1137 jura
1402 1076 1461 1120 sua
1473 1055 1693 1122 ecclesiastica
1703 1059 1735 1121 et
1751 1056 1833 1122 obiit
1848 1059 1928 1122 ants

629 1152 747 1219 horam
762 1153 917 1237 primam.
962 1156 1009 1222 Et
1025 1160 1105 1222 tunc
1128 1158 1235 1242 primo
1262 1159 1435 1244 Philippus
1461 1159 1571 1243 garcio
1595 1159 1715 1245 Rogati
1741 1160 1846 1227 Golde
1869 1158 1927 1243 qui

629 1263 747 1342 captus
763 1261 826 1326 fuit
841 1261 883 1327 ad
899 1262 1023 1328 fuldam
1047 1263 1152 1331 evasit
1168 1264 1208 1330 (16
1224 1265 1379 1331 manibus
1403 1265 1626 1349 predictorum
1652 1267 1833 1332 latronum.
1879 1265 1927 1330 Et

630 1363 751 1430 levavit
774 1365 960 1432 huttesium
984 1370 1018 1433 et
1048 1367 1111 1434 fuit
1137 1371 1360 1452 prosecutum,
1387 1371 1420 1434 et
1450 1368 1578 1434 invenit
1605 1369 1729 1454 plegios
1759 1371 1926 1454 Rogerum

631 1471 735 1538 Golde
750 1474 879 1554 patrem
896 1492 994 1538 suum
1010 1475 1043 1538 61
1058 1471 1260 1538 Willelmum
1277 1473 1380 1540 Golde
1396 1473 1435 1538 de
1451 1472 1637 1538 Honidene.

697 1575 877 1659 1666161616
907 1577 995 1643 tacta
1024 1597 1136 1644 coram
1176 1580 1210 1647 S.
1240 1578 1338 1644 Ruffo
1376 1579 1569 1642 coronatore
1600 1580 1639 1643 'ct
1677 1577 1718 1644 G.
1749 1574 1927 1643 Roulaund

630 1684 822 1748 coronatore
846 1702 904 1766 per
924 1681 983 1766 iiij.
1008 1681 1075 1749 vill’
1099 1685 1359 1770 propinquiores,
1375 1683 1496 1760 Elone,
1518 1681 1795 1766 Wybaudcstone,
1819 1681 1926 1748 Colm-

629 1785 735 1862 orthe,
760 1785 994 1854 Chalvsstorne
1017 1789 1050 1852 et
1074 1789 1252 1858 Golesdene
1283 1811 1342 1874 pro
1365 1787 1582 1880 6661111616,
1607 1808 1670 1871 666
1692 1785 1809 1853 (116661
1839 1785 1927 1869 quod
2030 1789 2032 1792 ’
2131 1755 2144 1884 i,

629 1888 733 1959 nichil
748 1889 832 1958 aliut
848 1889 958 1958 sciunt
973 1890 1039 1957 nisi
1053 1897 1092 1959 nt
1106 1897 1302 1979 predictum.
1329 1945 1337 1962 .
1363 1941 1371 1960 .
1397 1941 1405 1959 .

698 2423 845 2508 Contigit
868 2423 957 2512 apud
983 2424 1118 2510 Sutbiry
1142 2425 1193 2492 (116
1218 2425 1362 2493 Mercuri
1386 2407 1476 2509 prox’
1493 2427 1571 2492 ante
1596 2425 1718 2492 festum
1747 2424 1782 2492 S.
1798 2423 1928 2490 Dionisi

631 2550 719 2596 anno
735 2529 829 2613 regni
844 2529 931 2612 regis
953 2529 1091 2594 Henrici
1113 2530 1138 2594 1⁰
1152 2530 1260 2614 primo
1283 2530 1370 2614 quod
1394 2530 1529 2614 quidam
1553 2530 1710 2612 ingnotus
1732 2529 1789 2612 661
1812 2527 1926 2612 impri-

630 2635 810 2700 sonabatur
826 2635 915 2718 apud
932 2633 1039 2701 Sutho
1054 2633 1088 2698 in
1104 2635 1253 2700 manerio
1269 2633 1395 2699 domini
1410 2633 1540 2700 comitis
1556 2633 1742 2712 Glovsrnie‚
1756 2637 1789 2699 61
1804 2632 1927 2698 ibidem

630 2739 735 2806 evasit
752 2739 792 2804 de
806 2739 942 2822 prisona
957 2742 990 2804 61
1006 2739 1090 2821 fugit
1106 2737 1148 2803 ad
1165 2739 1334 2805 ecclesiam
1351 2739 1391 2805 de
1415 2739 1521 2805 Sutho
1544 2742 1577 2806 61
1598 2759 1710 2804 coram
1733 2741 1927 2804 coronatore

630 2845 669 2910 de
686 2845 847 2909 comitatu
862 2843 1091 2925 Hontingdon’
1108 2842 1272 2926 abjuravit
1295 2863 1435 2926 regnum
1458 2846 1491 2911 st
1513 2842 1560 2908 ibi
1582 2842 1680 2926 elegit
1703 2842 1767 2908 sibi
1792 2845 1926 2926 portum

630 2949 670 3014 de
685 2950 822 3014 Dorero.
867 2947 914 3012 111
929 2947 1015 3030 cepit
1031 2946 1094 3012 iter
1110 2967 1208 3012 suum
1224 2967 1338 3012 versus
1364 2946 1500 3031 Sutbiry
1515 2949 1548 3012 61
1563 2946 1654 3013 venit
1677 2945 1766 3030 apud
1790 2944 1928 3029 Sutbiry

630 3053 665 3117 in
689 3051 849 3117 comitatu
871 3050 1037 3117 Bedlord'.
1082 3049 1129 3116 Et
1143 3054 1306 3118 venerunt
1321 3050 1421 3134 Hugo
1443 3051 1473 3116 lc
1499 3050 1586 3130 Wits
1610 3051 1649 3117 de
1673 3051 1926 3134 Haylcwestone

630 3162 663 3223 61
685 3157 784 3240 Hugo
800 3153 888 3220 filius
904 3153 1057 3237 Hugonis
1076 3153 1116 3220 (16
1132 3153 1238 3220 Fonte
1261 3153 1301 3219 de
1322 3154 1437 3220 eadem
1453 3157 1486 3220 61
1502 3154 1668 3220 Henricus
1684 3155 1772 3220 filins
1787 3153 1927 3220 Hsnrici

628 3261 827 3326 Hendeman
857 3259 898 3324 (16
928 3258 1042 3326 eadem
1072 3258 1260 3342 prepositus
1290 3260 1323 3324 61
1353 3257 1463 3341 garcio
1487 3257 1621 3324 Ricardi
1646 3259 1686 3324 ds
1714 3259 1836 3326 Saxam
1868 3256 1927 3340 qui

628 3368 765 3431 vocatur
781 3363 925 3446 Golding
940 3365 972 3428 ct
988 3361 1153 3446 prosecuti
1168 3361 1304 3426 fuerunt
1319 3359 1430 3445 ipsum
1440 3361 1615 3444 ingnotum
1632 3365 1665 3428 61
1680 3361 1926 3426 insultaverunt

627 3468 737 3554 ipsum
754 3489 830 3533 cum
846 3467 964 3552 gladiis
980 3471 1012 3532 et
1028 3467 1189 3532 dederunt
1205 3465 1249 3531 611
1255 3468 1263 3504 ¹
1277 3485 1379 3531 unam
1390 3467 1522 3549 plagam
1533 3487 1636 3550 nsque
1649 3466 1691 3533 ad
1701 3487 1756 3532 cor
1766 3467 1799 3532 61
1809 3464 1925 3531 statim

628 3575 755 3651 cecidit,
779 3577 812 3640 61
835 3577 950 3658 postea
973 3593 1049 3640 cum
1077 3592 1145 3636 una
1174 3571 1295 3637 hechia
1318 3569 1354 3635 in
1377 3571 1480 3654 regali
1504 3570 1558 3637 via
1580 3574 1673 3638 extra
1697 3569 1833 3654 Sutbny
1856 3588 1925 3635 am·

627 3681 830 3764 putaverunt
853 3676 960 3760 capud
985 3677 1068 3760 ejus.
1113 3675 1236 3741 Villata
1261 3674 1301 3740 de
1327 3675 1463 3759 Sutbiry
1487 3676 1550 3741 hoc
1576 3675 1669 3741 vidit.
1714 3673 1925 3740 Levaverunt

627 3782 813 3849 huttesium
829 3785 862 3847 st
878 3779 941 3845 1611
957 3781 1169 3863 prosecutum
1185 3798 1284 3861 super
1299 3777 1463 3862 predictos
1480 3797 1584 3862 66666
1606 3777 1642 3843 16
1658 3777 1741 3843 com'
1758 3777 1923 3859 Honting-

628 3889 715 3964 don’,
732 3889 764 3952 et
780 3888 991 3970 prosecutum
1007 3883 1070 3949 fuit
1085 3882 1269 3950 huttesium
1285 3881 1320 3946 in
1336 3881 1496 3972 comitatu
1512 3882 1592 3948 Bed’
1610 3882 1650 3947 de
1665 3882 1732 3948 vill’
1748 3881 1784 3946 in
1800 3881 1878 3948 vill’.

694 3989 873 4074 1666161616
905 3989 992 4054 facta
1023 4007 1134 4052 coram
1163 3987 1197 4054 S.
1225 3986 1323 4051 Rullo
1353 3989 1546 4052 coronatore
1577 4007 1635 4071 per
1664 3985 1725 4070 iiij.
1751 3985 1818 4052 vill'
1849 4005 1923 4069 pro·

626 4095 817 4181 pinquiores
845 4093 968 4159 scilicet
998 4093 1118 4170 Elone,
1151 4091 1298 4175 Sutbiry,
1325 4089 1593 4170 Wibaudestone,
1625 4090 1860 4156 Chalvsstorne
1891 4093 1924 4154 et

627 4200 816 4278 Colesdene,
844 4220 907 4286 que
934 4198 1022 4264 idem
1047 4197 1162 4263 dicunt
1189 4196 1224 4261 in
1250 4196 1406 4262 omnibus
1433 4197 1519 4263 sicut
1545 4197 1730 4282 predictum
1757 4198 1818 4262 cst.
1875 4193 1923 4259 Et

626 4308 818 4390 preceptum
835 4308 885 4370 est
901 4302 990 4386 quod‘
1004 4305 1200 4387 caperentur
1217 4301 1246 4367 si
1261 4300 1390 4368 inventi
1405 4299 1484 4367 sint.

847 4545 865 4613 ⁴¹
883 4581 948 4632 This
960 4582 1027 4632 lorrn
1039 4581 1066 4631 61
1083 4581 1128 4632 ths
1141 4581 1226 4632 dative
1238 4595 1329 4632 occurs
1341 4579 1438 4632 several
1451 4581 1527 4631 times
1539 4580 1566 4630 ln
1578 4579 1623 4630 tho
1635 4579 1691 4630 roll.
