4302 5734
558 565 629 636 126
1013 583 1220 638 concurras
1246 585 1375 640 nosos.

623 749 801 835 Inquisicio
825 755 922 836 capta
947 753 1034 837 apud
1061 753 1237 838 Ryghtone
1264 755 1316 820 die
1340 752 1496 821 Mercurii
1520 754 1612 838 prox’
1638 758 1713 839 post
1734 757 1856 822 festum

558 855 673 922 Sancti
696 855 829 921 Hillarii
853 877 943 923 anno
969 857 1063 941 regni
1084 857 1172 942 regis
1202 859 1336 925 Ricardi
1367 859 1504 926 secundi
1533 863 1608 943 post
1639 865 1857 945 conquestum

556 959 674 1043 Anglie
689 959 759 1044 xiij⁰
774 981 884 1028 coram
900 962 1052 1028 Amando
1066 963 1167 1048 Voyle
1183 985 1250 1028 uno
1269 967 1502 1031 coronatorum
1525 963 1608 1029 eom’
1632 965 1734 1030 Ebor'
1758 987 1857 1050 super

556 1063 665 1128 visum
686 1065 853 1148 corporie¹
878 1065 1033 1134 Willelmi
1056 1067 1155 1152 Hyne
1178 1071 1211 1133 et
1235 1067 1390 1134 Willelmi
1413 1067 1558 1152 Polayne
1581 1088 1639 1152 per
1662 1069 1793 1135 villatas
1816 1070 1857 1135 de

557 1167 774 1252 Hunmanby,
794 1169 980 1254 Ryghtone,
1003 1170 1145 1254 Spetone
1168 1173 1201 1236 et
1225 1171 1384 1238 Grandall
1408 1192 1476 1236 una
1499 1191 1576 1236 eum
1592 1171 1648 1256 xij.
1665 1172 1857 1239 hominibus

559 1320 568 1338 .
616 1321 624 1337 .
671 1274 693 1337 ‚²
734 1273 867 1356 juratis.
922 1273 986 1355 Qui
1009 1274 1125 1340 dicunt
1149 1295 1248 1359 super
1271 1278 1518 1341 sacramentum
1546 1297 1644 1341 suum
1668 1278 1755 1361 quod
1777 1277 1858 1344 dicti

557 1375 741 1442 Willclmus
763 1378 863 1463 Hyne
886 1381 918 1443 et
941 1377 1126 1446 Willeimus
1149 1379 1295 1463 Polayne
1318 1379 1370 1444 die
1393 1379 1514 1445 Martis
1536 1383 1627 1464 prox’
1642 1383 1719 1465 post
1735 1382 1856 1447 festum

560 1479 675 1547 Sancti
699 1481 832 1547 Hillarii
862 1503 950 1548 anno
975 1483 1068 1566 regni
1092 1483 1179 1564 rogis
1203 1483 1337 1548 Ricardi
1367 1484 1503 1548 secundi
1534 1487 1608 1568 post
1638 1489 1856 1568 conquestum

558 1585 675 1668 Anglie
698 1585 768 1670 xiij⁰
791 1587 879 1670 apud
902 1587 1078 1670 Ryghtone
1102 1587 1188 1672 Clyff
1208 1608 1266 1671 per
1290 1587 1511 1652 infortunium
1534 1591 1708 1654 noctanter
1731 1588 1766 1654 in
1790 1611 1857 1654 uno

557 1692 657 1773 puteo
674 1691 861 1756 ceciderunt
877 1693 909 1756 et
925 1691 1047 1756 ibidem
1063 1691 1226 1756 submersi
1239 1695 1329 1756 eunt.

688 1989 867 2046 RO'I'ULUS
886 1994 1090 2047 WILLELMI
1110 1995 1235 2048 PERCY
1253 1994 1519 2048 CORONATORIS
1537 1994 1656 2049 VILLE
1676 1995 1729 2048 DE

1054 2081 1364 2136 SCARDEBURGH‘.

624 2221 802 2306 Inquisicio
827 2226 924 2308 capta
945 2243 1056 2289 coram
1084 2222 1247 2291 Willelmo
1271 2223 1374 2308 Percy
1401 2226 1594 2290 coronatore
1619 2223 1745 2289 domini
1771 2223 1859 2309 regis

557 2327 633 2394 ville
663 2328 704 2393 ds
737 2328 976 2411 Scardeburgh’
1009 2327 1098 2412 apud
1131 2327 1371 2410 Scardeburgh’
1403 2326 1440 2392 in
1471 2328 1554 2393 festo
1587 2328 1701 2395 Sancti
1733 2328 1858 2394 Thome

558 2431 707 2498 Martiris
731 2453 820 2498 anno
844 2433 937 2515 regni
962 2433 1048 2516 regie
1075 2431 1209 2497 Ricardi
1233 2431 1369 2496 secundi
1393 2431 1640 2515 quartodecimo
1663 2453 1762 2516 super
1785 2433 1859 2497 visu

557 2535 702 2620 corporis
733 2537 897 2602 iohannis
928 2535 1113 2602 Lokwodde
1143 2535 1183 2600 de
1214 2535 1397 2619 Hertilpole
1424 2556 1482 2618 per
1507 2535 1681 2601 duodecim
1711 2536 1787 2601 ville
1818 2537 1860 2602 de

560 2639 800 2723 Soardeburgh'
832 2639 955 2706 scilicet
1002 2687 1010 2704 .
1059 2687 1068 2705 .
1115 2640 1139 2703 .³
1181 2639 1322 2723 juratos.
1377 2639 1440 2720 Qui
1471 2639 1586 2706 dicunt
1617 2661 1715 2723 super
1750 2662 1858 2706 sacra-

557 2745 709 2808 mentum
725 2764 823 2807 suum
840 2743 926 2826 quod
942 2743 1109 2827 predictus
1129 2743 1299 2808 dohannes
1322 2743 1507 2808 Lokwodde
1530 2743 1583 2807 die
1605 2743 1743 2809 Veneris
1766 2745 1858 2828 prox'

558 2853 635 2912 ante
662 2847 785 2912 fastum
812 2847 1079 2914 Circumcisionis
1107 2847 1242 2911 Domini
1267 2867 1355 2911 anno
1381 2847 1570 2930 supradicto
1601 2847 1709 2930 xiiij¹¹¹⁰
1733 2849 1797 2912 fuit
1821 2848 1858 2912 in

557 2951 701 3033 quadam
727 2951 805 3016 navi
830 2951 864 3014 in
889 2954 987 3034 portu
1012 2951 1051 3015 dc
1079 2951 1319 3033 Scardeburgb'
1344 2954 1377 3015 et
1403 2951 1525 3015 ibidem
1550 2972 1608 3035 por
1632 2951 1858 3016 infortunium

556 3054 673 3120 cecidit
688 3055 728 3119 de
743 3055 822 3119 navi
836 3055 983 3139 predicta
999 3055 1035 3119 in
1051 3076 1142 3120 mare
1158 3056 1249 3120 nullo
1260 3055 1302 3120 ad
1318 3055 1379 3119 hec
1395 3060 1531 3139 cogente
1547 3077 1606 3121 nec
1623 3057 1856 3122 consenciente

555 3157 593 3223 in
622 3157 732 3242 aliquo
762 3161 795 3224 et
826 3158 872 3224 sic
902 3179 960 3242 per
990 3157 1211 3224 infortunium
1236 3158 1358 3224 ibidem
1384 3158 1576 3224 submersus
1603 3159 1677 3224 fuit.
1724 3160 1859 3226 Primus

556 3263 708 3330 inventor
724 3261 803 3329 dieti
818 3261 963 3346 eorporis
978 3263 1102 3328 mortui
1117 3263 1300 3330 Willelmus
1316 3261 1465 3345 Wrighte
1481 3262 1521 3328 de
1537 3263 1731 3347 Hertilpole.

624 3497 803 3582 Inquieioio
825 3502 923 3583 capta
939 3519 1050 3565 coram
1074 3500 1228 3566 Johanne
1255 3501 1512 3585 Seyntquyntyn
1537 3500 1701 3566 chivaler⁴
1724 3497 1860 3564 custode

558 3601 659 3668 castri
680 3601 720 3668 de
741 3603 981 3687 Scardeburgh’
1004 3607 1037 3668 et
1060 3624 1171 3669 coram
1192 3604 1356 3670 Wiilelmo
1378 3605 1481 3688 Percy
1505 3607 1538 3670 et
1561 3603 1704 3669 Roberto
1728 3603 1768 3669 de
1791 3602 1860 3666 Ril·

558 3707 716 3791 lyngtone
732 3707 982 3774 coronatoribus
992 3707 1067 3774 ville
1079 3709 1119 3774 de
1131 3709 1370 3793 Scardeburgb’
1383 3709 1425 3774 ad
1437 3713 1591 3792 rogatum
1604 3709 1684 3774 dieti
1695 3707 1861 3774 iohannis

558 3811 738 3876 indictum
755 3813 903 3877 castrum
918 3812 1128 3878 venientibus
1143 3812 1231 3878 inira
1249 3815 1435 3897 predictum
1459 3817 1605 3878 castrum
1628 3813 1681 3878 die
1704 3812 1862 3877 Mercurii

559 3915 594 3979 in
622 3916 706 3982 festo
733 3914 848 3982 Sancti
872 3915 1015 3983 Wilfridi
1041 3917 1199 4002 Episcopi
1223 3938 1312 3984 anno
1337 3917 1431 4001 regni
1456 3917 1543 4000 regis
1566 3917 1701 3982 Ricardi
1726 3916 1863 3982 secundi

559 4017 806 4102 quartodecimo
833 4039 931 4103 super
957 4019 1032 4084 visu
1056 4020 1201 4104 corporis
1224 4021 1348 4087 Thema
1373 4024 1443 4087 atto
1473 4021 1571 4086 Halle
1597 4019 1799 4086 comorantis
1826 4020 1862 4083 in

558 4121 707 4207 predicto
730 4126 840 4189 castro
855 4123 1009 4188 bedman’
1025 4145 1084 4208 por
1100 4123 1154 4208 xij.
1171 4124 1247 4190 ville
1262 4126 1407 4209 predicte
1425 4125 1548 4190 seilicet
1581 4173 1590 4189 .
1624 4171 1632 4188 .
1666 4123 1690 4188 :⁵
1717 4123 1861 4207 juratos.

384 4238 534 4280 laterculum
560 4226 624 4308 Qui
647 4226 763 4293 dieunt
809 4275 818 4292 .
865 4275 874 4292 .
921 4276 929 4292 .
976 4276 986 4294 .
1032 4229 1166 4294 Primus
1189 4227 1342 4296 inventor
1366 4229 1511 4314 corporis
1542 4228 1668 4295 mortui
1694 4227 1863 4293 Henrieus

561 4332 683 4415 Haget.
