4372 5724
316 599 320 607 .
537 529 597 618 ,53
819 589 823 598 ,
862 541 865 547 ’
1018 509 1226 649 ooeouuns
1251 553 1382 637 nouas.

371 737 453 820 iiim
399 692 504 819 tilam·
548 717 712 804 percussit
734 717 922 813 predictum
953 720 1142 788 iohannem
1165 655 1422 794 Moninouthe
1412 735 1447 788 ιιι
1471 721 1607 790 sinistro
1628 722 1732 789 latere
1755 689 1848 808 gravi

371 827 445 877 Ῑο000
447 833 502 871 00οι
548 827 669 892 wlnere
694 846 835 910 quosa
783 826 898 891 statim
921 827 1137 907 moriebatur,
1155 831 1188 895 et
1211 829 1258 894 sie
1281 830 1393 914 ipsum
1417 829 1554 916 feloniee
1576 829 1756 896 interfecit.
1801 829 1848 894 Ει

372 881 476 928 posttuui

371 931 422 969 ⁰³³¹
423 931 480 971 “³¹⁵
550 930 701 1014 reqursrtr
713 930 770 996 ubr
782 931 913 998 devem
934 933 988 997 ille
1005 933 1069 1020 selo
1084 935 1159 1018 poet
1145 934 1251 999 ulud
1263 935 1330 1003 feo
1331 955 1389 1000 um
1399 934 1514 999 droun
1500 934 1613 1018 quod
1625 933 1851 999 incontinenti·

374 1260 425 1301 reo
427 1261 463 1302 niu

373 1360 515 1402 conminuet

371 1413 445 1501 κιιίῦιιϋ

550 1035 742 1130 ιιθιιιςὶιιιθι
728 1035 815 1101 tubi
830 1037 993 1102 nesciunt.
1039 1037 1204 1120 Requisiti
1222 1037 1328 1103 eciam
1352 1039 1426 1121 quis
1445 1042 1532 1104 esset
1554 1043 1691 1121 presens
1714 1039 1848 1122 quando
1983 1061 1989 1072 ·

549 1139 612 1204 hoc
627 1138 747 1206 accidit
770 1140 885 1206 dicunt
908 1140 995 1223 quod
1011 1162 1110 1206 nemo
1126 1142 1192 1208 nisi
1207 1141 1256 1207 illi
1272 1142 1348 1237 duo.
1395 1142 1560 1226 Requisiti
1574 1137 1681 1208 eciam
1697 1143 1738 1208 de
1755 1142 1851 1208 bonis

549 1245 582 1308 et
549 1243 734 1332 ecatallis
756 1241 862 1327 ipsius
886 1243 1002 1310 felonis
1025 1244 1105 1328 quid
1118 1247 1234 1314 ualent
1248 1249 1282 1312 et
1297 1245 1333 1310 in
1357 1266 1499 1330 quorum
1522 1246 1678 1342 manibus
1700 1247 1860 1312 existunt·
1957 1337 1959 1342 Ι

516 1347 663 1413 dicunt
680 1347 767 1430 quod
782 1348 900 1414 hebuit
917 1349 1005 1415 bona
1020 1353 1053 1415 et
1069 1351 1191 1416 catello
1206 1350 1248 1416 ad
1264 1350 1449 1416 velenciem
1465 1349 1577 1435 xiij.·s.
1589 1349 1616 1434 j.
1633 1351 1665 1415 d.
1682 1371 1746 1433 que
1761 1350 1849 1416 bone
1957 1377 1962 1386 ·

547 1455 580 1518 t
593 1453 713 1518 catadlo
725 1457 900 1518 remanent
916 1453 951 1517 in
967 1453 1123 1519 menibus
1135 1454 1270 1520 Ricardi
1280 1455 1321 1520 de
1334 1456 1450 1522 Astou’
1461 1454 1672 1538 prebendarii
1681 1454 1847 1539 prebende

447 1571 449 1576 '
547 1557 588 1622 de
610 1557 816 1642 Fynysbery.
862 1558 909 1624 Et
934 1558 1050 1624 dicunt
1075 1559 1163 1642 quod
1188 1560 1360 1625 Johennes
1389 1559 1552 1625 Brokkele
1582 1559 1846 1625 cordewanarius

546 1661 657 1745 ipsum
669 1662 777 1746 primo
793 1663 920 1728 invenit
936 1667 1119 1742 mortuum,
1132 1663 1253 1730 levavit
1268 1663 1475 1742 huthesium,
1486 1663 1542 1748 qui
1558 1668 1781 1747 menuoe'ptus
1797 1665 1849 1729 est

546 1786 605 1849 per
618 1767 639 1832 J
640 1767 808 1832 ohannem
823 1760 984 1834 Marchal’
998 1771 1031 1834 et
1044 1768 1182 1838 Petrum
1193 1769 1224 1834 le
1239 1768 1361 1854 Yonge.
1407 1769 1454 1834 Et
1465 1768 1541 1852 iiij⁰r
1558 1768 1711 1834 homines
1727 1771 1760 1832 ot
1775 1773 1853 1851 pre-'

433 1911 436 1918 =
546 1871 647 1955 positi
675 1861 752 1955 iiijur
775 1872 965 1938 villatarum
991 1872 1267 1956 propinquiarum
1297 1872 1449 1939 videlicet
1475 1872 1621 1954 Ieildon',
1655 1872 1865 1952 Shordiches

546 1976 728 2060 Hakeneye
744 1979 777 2043 et
795 1976 1044 2061 Stebyngbethe
1058 1977 1120 2046 hoc
1136 1976 1224 2042 idem
1241 1977 1367 2043 dicunt

448 2228 490 2258 mm
573 2183 795 2269 Inquisicio
818 2187 917 2268 capta
943 2183 1067 2250 ibidem
1097 2205 1210 2250 coram
1248 2185 1398 2268 predicto
1428 2186 1623 2252 coronatore
1649 2183 1702 2250 die
1726 2184 1847 2272 Martis

381 2275 483 2380 'imisita
494 2279 509 2309 ‘¹
546 2310 628 2378 prox
630 2292 726 2374 ’post
739 2290 862 2359 testum
874 2289 987 2356 Senot
978 2311 989 2353 1
962 2289 1138 2354 Maro11²
1151 2260 1367 2374 Evangeliste
1379 2310 1468 2355 anno
1483 2289 1577 2372 regni
1592 2289 1680 2372 regis
1691 2289 1812 2354 Eduar
1814 2289 1852 2367 dr

546 2393 641 2459 tercii
664 2396 739 2477 post
764 2397 982 2476 conquestum
1006 2393 1078 2456 ulmo
1104 2414 1203 2477 super
1227 2393 1337 2468 visum
1358 2393 1503 2476 corporis
1528 2393 1701 2476 cujusdam
1723 2389 1848 2459 Thome
1890 2421 1893 2426 ·

546 2499 695 2565 Hostiler
711 2489 877 2564 interfecti
899 2519 958 2582 per
982 2502 1244 2564 sacramentum.
1268 2547 1277 2562 .
1303 2545 1311 2562 .
1339 2498 1361 2562 ‚³
1406 2497 1470 2579 Qui
1486 2497 1602 2562 dicunt
1588 2497 1706 2581 tquod
1728 2497 1849 2565 accidit

546 2605 636 2688 opud
651 2604 836 2670 Totenbem
853 2603 905 2669 die
929 2604 1105 2692 Dominica
1128 2606 1219 2686 prox'
1246 2605 1322 2686 post
1346 2603 1468 2668 festum
1486 2603 1601 2671 Sancti
1615 2603 1720 2667 Marci
1735 2601 1848 2668 Evan'-

547 2709 661 2792 geliste
688 2728 777 2774 anno
803 2707 995 2791 supradicto
1022 2711 1101 2801 ante
1128 2708 1206 2772 solis
1231 2701 1385 2782 oetaeum
1409 2707 1496 2790 quod
1518 2706 1687 2790 predictus
1703 2708 1848 2772 Thomna

547 2811 695 2878 Hostiler
711 2811 857 2878 serviens
873 2811 1039 2893 Johannis
1054 2811 1218 2895 Hogekyn
1235 2811 1275 2876 de
1287 2811 1467 2877 Totinhem
1481 2807 1574 2876 venit
1589 2814 1682 2876 extra
1697 2811 1848 2882 oleosum
1864 2870 1867 2877 .
1926 2819 1930 2827 '

547 2917 628 2984 dicti
643 2917 809 3002 iohannis
825 2917 979 3000 Hogekin
995 2918 1148 3000 magistri
1170 2918 1222 2982 sui
1241 2921 1274 2982 et
1294 2917 1430 2983 felonise
1445 2917 1608 2982 insultum
1625 2917 1702 2982 iecit
1723 2917 1848 2983 Thome

547 3011 703 3090 Westone
718 3020 756 3086 in
772 3023 842 3088 elta
853 3022 1329 3088 viavooete-Totinhamstrete
1344 3024 1377 3086 et
1390 3023 1516 3088 dictum
1532 3022 1695 3087 Thomam
1711 3021 1848 3086 felonioe
1907 3107 1909 3111 Ι

547 3127 808 3212 prosequebatur
832 3148 909 3192 cum
930 3126 1062 3192 cultello
1087 3129 1233 3192 extreoto
1259 3125 1627 3224 ipsumquejwlnerevit
1654 3126 1790 3191 telonice
1811 3125 1848 3191 in

500 3233 505 3243 '
548 3231 628 3315 iuga
643 3233 720 3297 sua.'
760 3231 808 3298 Et
835 3251 934 3314 super
960 3231 1022 3296 hoc
1048 3230 1156 3296 dictus
1181 3231 1327 3296 Thomas
1352 3225 1508 3298 Westone
1530 3231 1566 3295 in
1582 3251 1642 3296 sua
1658 3229 1848 3296 defeneione

548 3336 776 3402 revertebatur
792 3337 825 3401 et
841 3335 968 3400 dictum
993 3334 1155 3400 Thomem
1178 3335 1327 3401 Hostiler
1350 3331 1513 3418 percussit
1534 3355 1611 3398 cum
1634 3353 1701 3400 uno
1717 3323 1848 3400 cultello

393 3459 410 3526 j
548 3437 669 3505 vocato
680 3439 820 3523 thwytil'
840 3439 876 3504 in
893 3439 996 3504 letere
1019 3438 1156 3504 sinistro
1171 3439 1269 3524 plage
1284 3439 1418 3504 morteli
1433 3459 1499 3522 qua
1514 3439 1611 3522 plege
1627 3437 1848 3504 incontinenti

411 3577 461 3606 ona
549 3543 763 3608 moriebatur.
809 3543 856 3608 Et
872 3543 1049 3626 super-hoo
1065 3543 1172 3608 dictus
1195 3544 1340 3610 Thomas
1362 3545 1517 3611 Westone
1532 3542 1658 3625 defugit
1671 3545 1704 3608 et
1720 3543 1848 3608 dictum

549 3643 721 3723 cultellum
759 3644 872 3714 secum
910 3647 1065 3732 portavit,
1104 3651 1154 3714 set
1192 3649 1250 3714 ubi
1280 3648 1411 3714 devenit
1441 3647 1594 3712 nesciunt
1624 3668 1685 3713 neo
1722 3647 1847 3714 dicunt.
1896 3676 1898 3679 ·

416 3744 420 3752 ’
549 3752 713 3855 Requisiti
728 3773 791 3836 que
806 3751 894 3856 bone
909 3753 1017 3818 dictus
1044 3752 1188 3818 Thomas
1203 3753 1321 3818 habuit
1337 3752 1389 3818 die
1404 3771 1477 3835 'quo
1493 3773 1528 3817 se
1543 3752 1680 3818 retruxit
1695 3755 1729 3832 et
1744 3773 1848 3836 quen-

473 3899 486 3926 0
507 3897 525 3928 e
550 3861 623 3924 tum
639 3857 759 3924 valoris
775 3857 891 3924 dicunt
907 3857 994 3942 quod
1010 3857 1128 3923 habuit
1141 3847 1228 3924 bone
1242 3858 1286 3923 ad
1298 3857 1479 3923 velenoium
1490 3857 1539 3921 ιιι.
1553 3877 1579 3922 s.
1596 3877 1658 3940 que
1673 3855 1849 3942 remanent

445 3949 490 3978 Ἀ
549 3963 869 4047 penes·Johannem
893 3962 1161 4043 Brikelieworthe
1184 3966 1217 4029 et
1241 3963 1405 4028 Thomem
1429 3962 1468 4027 de
1490 3961 1619 4027 Erlend
1641 3959 1849 4048 vicecomites

549 4067 689 4133 London
706 4071 739 4133 et
756 4067 871 4131 Midd’.
917 4065 1082 4149 Requisiti
1093 4065 1198 4132 eciam
1215 4065 1288 4150 quis
1303 4065 1411 4149 primo
1427 4065 1554 4130 invenit
1563 4064 1674 4148 ipsum
1685 4055 1857 4160 Thomam'

495 4252 497 4256 .
549 4175 721 4238 mortuum
745 4171 862 4238 dicunt
847 4172 980 4256 tquod
1012 4171 1281 4238 Johennesatte
1312 4171 1420 4248 Lofte,
1451 4169 1508 4254 qui
1537 4173 1759 4254 manucaptus
1789 4191 1848 4254 per
1872 4199 1897 4266 '.

551 4277 741 4344 Johannem
757 4277 850 4342 Hori
857 4281 890 4344 et
915 4277 1024 4342 Adam
1041 4277 1184 4364 Tuilour.
1229 4277 1301 4342 Et
1263 4276 1354 4360 triij⁰
1355 4276 1534 4341 ¹'homines
1549 4279 1582 4341 et
1600 4275 1795 4359 prepositi
1773 4276 1849 4359 uij⁰r
1861 4331 1865 4340 .

550 4381 742 4447 villatarum
765 4381 1040 4466 propinquiar'um
1063 4376 1214 4448 videlicet
1237 4363 1387 4460 Enefeld‚
1403 4381 1611 4446 Edelmeton’
1615 4380 1799 4464 ,Mymmis
1815 4383 1848 4446 et

383 4529 386 4537 .
471 4532 474 4536 -
549 4485 730 4570 Hek'eneye
744 4485 906 4558 hocidem
919 4487 1043 4568 dieunt.
1113 4561 1118 4569 ,
1192 4540 1198 4552 .

421 4737 435 4802 ‚⁵
551 4778 638 4830 rubis
650 4778 719 4830 word
731 4780 755 4830 is
767 4777 868 4829 written
876 4779 929 4843 for'
943 4791 971 4827 or
978 4777 1029 4841 [ον’
1043 4775 1137 4826 inthis
1149 4775 1197 4828 roll
1209 4775 1262 4828 end
1273 4776 1301 4826 in
1314 4775 1389 4826 other
1400 4774 1471 4826 rotis.
1505 4775 1580 4828 'Sic
1614 4775 1848 4828 ’Twelvenamee
