4364 5736
521 506 567 577 86
987 520 1194 578 cORONERs’
1219 521 1349 578 nouus.

518 689 703 758 vicecomiti
733 691 850 758 Norht’
882 693 1037 759 sulutem.
1091 687 1297 776 Precipimus
1327 692 1390 760 tibi
1419 693 1507 778 quod
1537 693 1706 778 appellum
1733 694 1821 778 quod

461 855 462 860 ,
518 797 676 863 Iohanne
691 817 754 880 que
769 797 833 862 fuit
848 818 929 863 uxor
945 796 1083 863 Henrici
1092 797 1181 863 Lord
1192 798 1233 863 de
1245 797 1362 866 Norht’
1375 798 1496 864 becher
1512 798 1592 866 fucit
1607 798 1643 863 in
1659 797 1822 864 comitutu

517 902 577 966 tuo
592 920 706 967 versus
722 900 905 968 Robertum
927 900 1099 985 Shepherd
1115 901 1155 967 de
1171 901 1304 984 Uptone
1327 900 1367 967 de
1389 905 1497 968 morte
1519 903 1659 986 predicti
1681 903 1821 968 Henrici

517 1006 686 1090 quondum
709 1005 772 1072 viri
793 1005 845 1071 sui
867 1006 979 1072 venire
1002 1005 1104 1072 focius
1127 1027 1239 1072 eorem
1262 1007 1358 1072 nobis
1380 1005 1416 1071 in
1439 1007 1586 1072 crastino
1607 1008 1821 1074 Ascencionis

518 1110 655 1177 Domini
680 1111 883 1195 ubicumque
897 1115 979 1178 tunc
1001 1111 1164 1177 fuerimus
1184 1111 1221 1176 in
1244 1111 1364 1196 Anglie
1386 1133 1463 1177 cum
1490 1113 1762 1180 attechiementis
1786 1116 1819 1180 et

517 1217 672 1282 omnibus
696 1217 907 1283 adminiculis
933 1218 1101 1302 appellum
1128 1216 1210 1282 illud
1241 1217 1456 1301 tangentibus
1488 1221 1521 1283 et
1550 1219 1613 1284 hoc
1645 1219 1707 1284 sub
1731 1240 1819 1303 penu

517 1321 636 1404 viginti
651 1321 813 1388 librorum
828 1321 1180 1388 nullatenusomittes.
1225 1323 1272 1388 Et
1287 1322 1412 1388 hebens
1427 1322 1474 1389 ibi
1488 1322 1550 1389 hoc
1566 1323 1675 1390 breve.
1721 1324 1818 1390 Teste

517 1424 659 1511 meipso
675 1426 763 1510 opud
778 1426 915 1493 Westm’
931 1447 984 1492 xv.
1001 1425 1054 1492 die
1069 1425 1152 1493 Maii
1167 1447 1256 1492 enno
1278 1425 1374 1510 regni
1395 1427 1503 1493 nostri
1522 1427 1640 1512 Anglie
1656 1426 1819 1512 quinque·

519 1529 644 1613 gesimo
658 1529 753 1614 regni
767 1551 844 1596 vero
859 1529 966 1596 nostri
981 1529 1122 1596 Frencic
1138 1529 1306 1597 tricesimo
1322 1529 1475 1614 septimo.

584 1635 631 1702 Et
646 1635 719 1702 ideo
741 1656 786 1702 ex‘
802 1639 898 1720 perte
921 1634 1048 1702 domini
1070 1635 1156 1721 regis
1179 1637 1241 1703 tibi
1263 1636 1387 1730 mendo
1410 1637 1497 1721 quod
1513 1637 1712 1704 mundatum
1728 1638 1819 1706 istud

519 1738 555 1804 in
571 1739 725 1806 omuibus
741 1739 914 1824 diligenter
930 1740 1165 1824 exequumini.⁷

369 2233 411 2263 em.
519 2218 698 2274 ROTULUS
734 2217 928 2274 IOHANNIS
965 2216 1263 2282 SHROUESBURY,
1299 2215 1439 2272 ΤΗΟΜΕ
1482 2217 1641 2283 SU'ITON,
1677 2219 1817 2290 ΤΗΟΜΕ

588 2305 809 2360 WAKELEYN
829 2306 880 2358 ΕΤ
897 2305 1092 2360 JOHANNIS
1109 2305 1349 2358 ATTEWELLE
1369 2305 1659 2360 OORONATORUM
1671 2305 1819 2361 DOMINI

590 2393 708 2448 REGIS
738 2393 781 2447 IN
810 2393 931 2449 VILLA
960 2392 1239 2448 NORHAMPTON'
1270 2393 1324 2446 DE
1356 2393 1535 2448 OMNIBUS
1569 2394 1731 2449 OASIBUS
1767 2395 1820 2448 ΕΤ

588 2480 853 2545 INFORTUNIIS,
872 2480 1057 2534 FELONIIS
1075 2479 1125 2532 ΕΤ
1143 2479 1248 2533 ALIIS
1267 2479 1559 2534 IRROTULANDIS
1573 2480 1652 2546 QUE
1670 2481 1826 2544 IBIDEM

589 2567 840 2622 AOOIDERUNT
858 2569 884 2621 A
901 2568 971 2621 DIE
999 2567 1174 2623 VENERIS
1202 2566 1314 2621 PROX’
1345 2566 1449 2627 ANTE
1477 2567 1637 2622 FESTUM
1662 2567 1820 2624 APOSTO-

589 2653 728 2708 LORUM
757 2653 918 2708 SIMONIS
943 2653 1000 2707 ΕΤ
1021 2654 1123 2709 JUDE
1150 2653 1255 2708 ANNO
1281 2653 1406 2707 REGNI
1434 2654 1551 2709 REGIS
1577 2655 1740 2710 RIOARDI
1760 2655 1818 2710 SE·

590 2741 715 2795 OUNDI
727 2741 861 2805 PRIMO,
874 2741 952 2807 QUO
966 2741 1127 2813 DIEIPSI
1141 2741 1418 2796 OORONATORES
1430 2743 1616 2797 PREDIOTI
1630 2742 1819 2798 FUERUN'P

589 2825 733 2881 ELEOTI
769 2827 820 2881 ΕΤ
854 2826 986 2882 ΟΟΒΛΜ
1021 2828 1120 2882 ΤΟΤΑ
1153 2828 1324 2883 VILLA'PA
1359 2824 1637 2884 NORHAMPTON'
1676 2829 1818 2885 JURATI

589 2915 774 2968 TEMPORE
800 2915 994 2970 IOHANNIS
1021 2917 1303 2970 GEIDYNGTONE
1329 2918 1433 2972 'PUNO
1459 2917 1631 2982 MAIORIS‚
1658 2916 1818 2973 SIMONIS

546 3051 549 3060 ,
590 3000 801 3076 DAVENTRE
817 3002 871 3054 ET
888 3001 1083 3057 IOHANNIS
1102 3001 1278 3057 PRENTYS
1297 3003 1816 3071 BALLIVORUM‚USQUE,ETO.
1904 2994 1908 2999 ’

586 3147 729 3231 Quidem
745 3148 916 3214 Johcnnes
939 3147 1091 3232 Phelipot
1107 3148 1147 3214 de
1162 3148 1314 3233 Dreyton
1337 3147 1440 3214 Hales
1463 3147 1499 3214 in
1522 3148 1683 3215 comitutu
1708 3149 1816 3234 Sulop'

518 3253 630 3338 posuit
660 3273 695 3320 se
721 3253 757 3318 in
784 3252 1024 3319 monesterium
1052 3253 1168 3320 Sancti
1190 3254 1322 3320 Andree
1343 3254 1584 3339 Norhumpton'
1606 3255 1658 3320 die
1680 3255 1818 3322 Veneris

518 3359 610 3442 prox'
635 3360 710 3442 post
736 3358 860 3423 festum
887 3357 1007 3424 Sancte
1031 3357 1134 3423 Lucio
1158 3357 1306 3442 Virginis
1332 3379 1421 3424 euno
1447 3357 1542 3442 regni
1568 3358 1654 3442 regie
1684 3360 1820 3426 Ricerdi

519 3463 655 3528 secundi
677 3461 785 3548 primo
808 3466 841 3529 et
863 3463 979 3529 eodem
1001 3461 1055 3528 die
1076 3462 1112 3528 in
1135 3463 1260 3547 ospello
1278 3463 1399 3530 Sancte
1415 3463 1521 3529 Meris
1536 3463 1732 3544 monosterii
1746 3486 1819 3549 pre·

518 3565 599 3633 dicti
611 3587 722 3636 corum
732 3567 981 3634 coronatoribus
996 3565 1195 3651 supradictis
1207 3567 1377 3634 confessus
1388 3567 1451 3633 fuit
1463 3589 1562 3651 super
1572 3573 1819 3635 sacromentum

519 3692 618 3738 suum
641 3675 674 3738 et
697 3672 850 3755 cognovit
874 3693 908 3738 se
931 3692 1002 3738 esse
1025 3673 1190 3738 latronem
1212 3692 1260 3759 eo,
1273 3673 1359 3756 quod
1377 3671 1430 3737 die
1445 3673 1603 3737 Mercurii
1624 3675 1715 3756 prox’
1740 3676 1820 3740 unte

519 3775 646 3841 dietum
677 3775 799 3841 festum
832 3775 953 3843 Seucte
982 3776 1085 3842 Lucie
1114 3774 1260 3859 Virginis
1290 3777 1380 3860 apud
1410 3776 1557 3861 Kirkeby
1586 3776 1622 3842 in
1658 3777 1819 3844 comitutu

519 3879 746 3965 Werrewyche
770 3900 876 3972 unum
900 3900 1023 3964 equum
1045 3901 1125 3964 grey
1149 3879 1251 3964 precii
1268 3901 1298 3945 x.
1315 3900 1342 3945 s.
1362 3881 1536 3965 cujusdem
1559 3880 1664 3965 ignoti
1687 3881 1818 3947 furatus

519 3983 594 4050 fuit.
638 3971 685 4050 Et
711 3983 874 4069 preterie¹
902 3983 1055 4068 cognovit
1080 4005 1115 4050 se
1140 3983 1277 4051 felonice
1301 3985 1458 4052 occidisse
1479 3986 1667 4052 Joheunem
1688 3985 1844 4070 Pigger'1
1900 4027 1904 4033 -

519 4089 603 4173 pult’
627 4088 716 4173 opud
740 4089 873 4174 Hygete
900 4088 952 4154 die
981 4087 1100 4154 Mortis
1120 4089 1157 4155 in
1183 4089 1297 4174 vigilio
1322 4089 1437 4157 Sancti
1458 4090 1589 4157 Andree
1612 4111 1701 4156 anno
1724 4090 1819 4175 regni

519 4193 606 4278 regis
630 4191 787 4260 Edwurdi
812 4192 905 4259 tercii
929 4195 1003 4277 poet
1027 4198 1245 4278 conquestum
1275 4195 1344 4279 xlj0.
1389 4195 1435 4261 Et
1460 4195 1639 4280 requisitus
1666 4195 1695 4262 si
1721 4195 1819 4263 vellet

519 4319 660 4383 regnum
684 4297 801 4383 Anglie
820 4298 974 4382 objurare
1001 4298 1130 4365 dicebat
1154 4299 1241 4384 quod
1262 4320 1330 4365 non
1354 4300 1462 4367 edhuc
1484 4321 1587 4385 usque
1610 4301 1653 4367 ed
1676 4301 1818 4385 quadro·

519 4404 684 4488 gesimum
709 4403 807 4470 diem.
862 4403 971 4485 Quare
997 4403 1137 4488 predicti
1167 4407 1378 4472 coronatores
1407 4408 1626 4491 preceperunt
1657 4427 1694 4472 ex
1724 4409 1820 4490 purte

819 4735 828 4762 ¹
846 4733 894 4786 See
906 4733 967 4782 note
978 4734 1012 4762 Μ
1023 4747 1057 4783 on
1069 4715 1095 4796 p.
1107 4733 1147 4782 85.
1438 4735 1445 4761 ¹
1464 4735 1519 4788 Sic.
