4364 5736
568 540 615 615 68
1034 556 1242 614 concurso·
1267 557 1398 614 nones

567 731 687 796 verunt
702 747 842 812 regnum
857 727 975 812 Anglie
990 725 1043 793 die
1058 726 1198 795 Sebbeti
1212 725 1302 811 prox*
1319 729 1398 794 cute
1414 727 1536 794 festum
1554 727 1588 796 S.
1604 724 1755 811 Gregorii
1778 725 1867 811 Pcpe

568 853 657 899 enno
671 831 828 917 predicto.
873 832 921 896 Et
936 831 1035 897 dutus
1057 833 1107 896 est
1129 830 1277 914 predicto
1298 830 1461 897 Willelmo
1483 833 1599 915 portus
1622 831 1662 898 de
1684 832 1812 896 Dovere
1833 836 1867 896 et

568 935 656 1001 dicto
671 933 819 1001 Johenni
833 933 1001 1018 portusde
1016 935 1220 1000 Portesmue.
1267 932 1395 1000 Catella
1417 955 1532 1000 eorum
1551 934 1577 1018 j.
1600 933 1753 1001 cultellus
1776 935 1809 999 et
1831 932 1866 1016 ij.

567 1038 677 1105 boculi
691 1038 792 1124 precii
803 1039 829 1124 j.
846 1038 878 1104 d.
922 1039 1044 1106 Villete
1060 1037 1100 1104 de
1115 1037 1326 1122 Lollingtone
1340 1036 1561 1122 respondebit.

633 1223 796 1292 Ricardus
812 1225 927 1291 Lubbe
943 1226 983 1291 de
998 1224 1133 1292 castello
1148 1222 1189 1290 de
1203 1223 1276 1308 Eye
1291 1223 1332 1290 de
1347 1223 1508 1290 comitutu
1532 1223 1614 1291 Suff’
1637 1223 1749 1310 posuit
1772 1244 1807 1290 se
1830 1221 1866 1288 in

568 1330 694 1414 capelle
725 1329 840 1397 Senoti
871 1330 997 1396 Thome
1027 1327 1176 1396 Mertiris
1207 1328 1247 1394 de
1274 1328 1402 1395 Undele
1422 1328 1475 1393 die
1504 1327 1640 1396 Scbbeti
1665 1331 1757 1412 prox’
1788 1329 1876 1395 ente

568 1435 691 1500 festum
709 1434 823 1502 Sancti
839 1433 990 1518 Gregorii
1013 1434 1102 1518 Peps
1125 1455 1214 1500 enno
1230 1434 1324 1516 regni
1339 1433 1426 1517 regis
1440 1433 1598 1500 Edwerdi
1612 1433 1692 1519 xvij⁰
1707 1436 1740 1499 et
1755 1453 1865 1516 recog·

565 1537 659 1604 novit
675 1558 710 1604 se
725 1559 796 1604 csse
811 1537 974 1604 latronem
989 1537 1029 1602 de
1041 1537 1067 1622 j.
1080 1537 1234 1622 jumento
1249 1537 1336 1620 quod
1351 1537 1475 1604 furevit
1490 1537 1580 1622 epud
1595 1538 1815 1604 Touleslound
1830 1537 1867 1603 in

566 1642 727 1709 comitutu
743 1643 851 1708 Hunt’
869 1645 902 1710 et
916 1643 998 1708 illud
1014 1642 1107 1708 duxit
1123 1642 1212 1726 opud
1229 1642 1356 1709 Undele
1371 1641 1406 1706 in
1423 1643 1493 1708 foro
1509 1663 1621 1708 corum
1636 1643 1681 1708 Η.
1694 1642 1735 1708 de
1751 1642 1865 1707 Ticho-

566 1746 679 1812 mersh
695 1749 728 1812 et
743 1746 802 1830 iiij.
825 1746 893 1813 vill'
915 1745 1068 1832 propinq’
1092 1745 1243 1812 videlicet
1262 1746 1399 1826 Undele,
1418 1747 1528 1828 Stoke,
1545 1747 1702 1814 Benefeld
1724 1749 1758 1814 et
1780 1747 1865 1814 Ash-

565 1851 655 1929 tone,
680 1853 713 1917 et
739 1849 905 1935 objurevit
927 1871 1068 1934 regnum
1091 1849 1208 1934 Anglie
1231 1850 1284 1917 die
1306 1849 1463 1917 Mercurii
1492 1853 1583 1935 pror’
1608 1854 1774 1936 sequente.
1818 1851 1866 1918 Et

566 1954 666 2020 dctus
688 1957 739 2020 est
761 1953 792 2020 ei
813 1957 930 2039 portus
953 1954 994 2021 de
1017 1955 1196 2038 Brystowe.
1242 1953 1372 2021 Catella
1394 1955 1466 2040 ejus
1487 1955 1532 2040 vj.
1555 1955 1587 2021 d.
1611 1956 1652 2021 de
1674 1959 1824 2039 urgento,
1837 1955 1865 2039 j.

566 2079 661 2136 nonu,
675 2058 702 2142 j.
718 2059 819 2124 burso
835 2061 867 2124 et
883 2057 929 2142 iij.
946 2058 1070 2125 cultelli
1084 2056 1186 2142 precii
1201 2057 1235 2142 ij.
1252 2058 1295 2138 d.‚
1311 2057 1459 2143 precium
1470 2058 1617 2144 jumenti
1631 2058 1666 2146 ij.
1683 2079 1710 2126 s.
1742 2059 1866 2128 Villetu

566 2161 607 2228 de
623 2161 750 2230 Undele
764 2161 985 2247 respondebit.

632 2551 760 2619 Accidit
775 2552 864 2636 apud
880 2551 1007 2619 Undele
1023 2551 1074 2617 die
1090 2549 1247 2617 Mercurii
1261 2551 1351 2634 prox'
1371 2551 1446 2634 post
1469 2550 1592 2616 festum
1614 2549 1866 2634 Assumpcionis

566 2655 669 2721 Beate
689 2655 795 2721 Meris
818 2676 906 2722 enno
929 2655 1022 2740 regni
1044 2654 1130 2738 regis
1152 2653 1310 2720 Edwerdi
1332 2653 1394 2718 filii
1415 2652 1501 2736 regis
1523 2653 1680 2738 Eduerdi
1701 2663 1756 2719 xx⁰
1778 2655 1866 2738 quod

566 2759 702 2843 quidem
726 2760 896 2826 Johennes
919 2760 959 2825 de
984 2759 1078 2826 Seint
1100 2757 1198 2842 Liger
1221 2759 1315 2824 miles
1338 2757 1541 2824 moriebatur
1563 2758 1599 2823 in
1621 2761 1802 2843 personatu
1825 2759 1866 2825 de

567 2863 694 2931 Undele
710 2865 881 2930 confessus
897 2867 930 2930 et
950 2863 1214 2929 communientes
1236 2863 1363 2928 hebens
1385 2883 1504 2946 corpus
1526 2862 1616 2930 infre
1638 2864 1809 2948 diruptum
1831 2865 1865 2930 et

564 2969 694 3034 nullum
724 2968 851 3034 hebens
881 2967 1023 3051 plegem.
1080 2966 1260 3051 inquisicio
1286 2966 1363 3032 inde
1390 2968 1478 3032 seete
1503 2988 1614 3034 eorem
1645 2968 1798 3034 Johenne
1825 2967 1865 3033 de

566 3071 716 3138 Ashtone
739 3076 773 3138 et
796 3073 941 3137 Henrico
964 3071 1004 3136 de
1027 3071 1240 3137 Tichemersh
1263 3071 1513 3138 coronatoribus
1536 3092 1595 3155 per
1619 3071 1677 3154 iiij.
1699 3072 1766 3140 vill’
1789 3091 1865 3156 pro·

566 3175 731 3261 pinquior'
748 3175 898 3244 videlicet
913 3173 1051 3254 Undele,
1071 3174 1197 3254 Stokes,
1214 3174 1385 3243 Pilketenc
1400 3178 1432 3242 et
1448 3175 1600 3242 Beniteld
1623 3223 1632 3242 .
1657 3222 1667 3242 .
1692 3223 1700 3242 .
1723 3223 1734 3243 .

911 4010 1535 4117 [conresurrorsrnenr]

697 4211 957 4270 HUNDREDUM
982 4211 1035 4267 DE
1060 4209 1344 4270 GILDESBOROU.
1379 4214 1558 4272 RO'PULUS
1582 4215 1740 4275 PRIMUS.

488 4368 500 4398 ⁸
632 4359 759 4425 Accidit
775 4359 864 4443 epud
879 4356 1046 4425 Wetiorde
1062 4359 1114 4426 die
1129 4357 1286 4426 Mercurii
1300 4359 1336 4426 in
1348 4361 1536 4446 septimane
1551 4361 1761 4430 Pentecostes
1776 4385 1865 4431 enno

565 4464 660 4548 regni
675 4463 761 4546 regis
776 4461 932 4530 Edwardi
947 4463 1101 4529 vicesimo
1116 4485 1205 4530 nono
1224 4466 1310 4548 quod
1333 4467 1468 4550 quidum
1490 4467 1652 4534 Ricardus
1676 4468 1865 4535 Mundevile

565 4571 598 4634 et
614 4567 792 4632 Nicholeus
809 4568 911 4633 freter
926 4566 998 4651 ejus
1013 4568 1164 4634 luserunt
1177 4567 1219 4634 nd
1235 4569 1433 4655 pletiperum
1446 4573 1458 4608 ²
1473 4575 1506 4637 et
1521 4570 1606 4656 lepis
1629 4571 1709 4639 dicti
1731 4569 1865 4638 Ricurdi

599 4719 606 4747 ¹
624 4715 1049 4776 R011107,twelvemembrcnes‚
1067 4719 1098 4766 21
1117 4717 1189 4767 Edw.
1241 4717 1314 4769 there
1336 4733 1381 4770 ere
1403 4733 1419 4770 e
1437 4721 1486 4769 tew
1505 4735 1579 4770 ceses
1597 4722 1625 4771 oi
1642 4721 1746 4785 exigent
1768 4723 1796 4773 in
1819 4723 1864 4774 the

564 4784 619 4832 les
641 4783 712 4832 Edu.
731 4783 775 4841 11..
795 4783 947 4844 containing
963 4798 1035 4832 more
1052 4782 1118 4832 then
1140 4787 1190 4833 two
1240 4789 1337 4848 county
1348 4791 1422 4836 court
1433 4787 1467 4849 by
1478 4786 1523 4836 the
1535 4786 1621 4850 king’s
1630 4787 1712 4848 order,
1723 4788 1779 4840 elso
1792 4804 1864 4840 some

563 4849 683 4898 hundred
708 4863 789 4907 casce,
817 4854 886 4900 most
915 4851 942 4898 οὶ
970 4848 1042 4898 them
1070 4848 1189 4911 inquests
1240 4847 1402 4914 ebjuretions
1415 4851 1467 4902 und
1480 4851 1595 4916 eppeels.

564 4915 665 4966 similer
687 4925 715 4966 to
738 4915 813 4966 those
834 4931 868 4966 on
891 4914 936 4966 the
958 4914 1098 4980 preceding
1126 4915 1189 4978 roth
1274 4917 1498 4984 ’MS-phttpcr’.
