4364 5736
624 556 696 631 105
1090 577 1298 634 CORONERS’
1322 575 1454 632 nonus.

623 749 882 814 sacramentum.
907 796 916 812 .
941 797 948 812 .
975 749 1000 813 .¹
1037 748 1121 830 ‘Qui
1150 747 1266 814 dicunt
1297 765 1396 830 super
1426 747 1673 811 sacramentnm
1703 765 1803 810 sunm
1833 743 1923 828 qnod

623 849 761 933 contigit
784 853 873 935 apud
896 852 1094 936 Ilmyndone
1117 851 1170 918 dis
1193 851 1290 916 Luna
1311 850 1403 934 prox'
1426 851 1502 932 post
1524 849 1647 914 festum
1666 849 1780 915 Sancti
1796 849 1924 914 Thomu

623 953 773 1036 Apostoli
788 976 877 1021 anno
892 955 986 1038 regni
1001 956 1088 1038 regis
1102 954 1260 1022 Edwardi
1275 953 1368 1020 tercii
1383 954 1458 1036 post
1479 955 1696 1036 conquestum
1712 951 1821 1016 166111ο
1835 951 1923 1034 qnod

624 1165 789 1228 carectum
817 1167 851 1230 61
874 1185 932 1247 per
963 1163 1185 1230 infortunium
1211 1162 1330 1228 cecidit
1356 1162 1399 1226 ad
1423 1165 1548 1228 terram
1575 1165 1609 1228 et
1635 1161 1715 1227 dicti
1740 1160 1817 1245 iiij0'
1847 1160 1924 1242 equi

624 1270 851 1336 tractaverunt
874 1269 1014 1334 eandem
1037 1272 1203 1334 carectum
1227 1287 1325 1350 super
1347 1287 1467 1352 corpus
1485 1266 1566 1332 dicti
1582 1265 1747 1331 Johannis
1761 1285 1821 1350 per
1836 1264 1924 1348 qnod

625 1372 739 1437 statim
754 1372 958 1438 moriebatur
973 1372 1044 1437 sine
1056 1372 1131 1456 jure
1147 1371 1376 1438 ecclesiastico.
1421 1371 1468 1437 Et
1484 1371 1657 1436 Iohannes
1672 1369 1798 1436 Calene
1812 1371 1923 1454 primo

625 1477 753 1546 invenit
768 1498 846 1543 sum
862 1477 909 1544 sic
924 1495 1131 1562 oppressum,
1148 1477 1205 1562 qui
1219 1476 1341 1543 levavit
1355 1476 1526 1542 hutssium
1542 1480 1575 1542 et
1590 1475 1719 1542 invenit
1734 1475 1925 1542 Iohannem
1968 1523 1970 1526 -

625 1583 747 1651 Wardo
777 1585 810 1648 61
842 1580 1012 1649 Simonem
1045 1583 1218 1667 Thusteyn
1255 1584 1511 1665 manucaptores
1541 1601 1619 1646 suos
1648 1579 1779 1644 essendi
1811 1601 1924 1645 coram

622 1686 828 1772 justiciariis,
854 1689 916 1753 otc.
961 1687 1008 1752 Et
1031 1687 1125 1753 nulla
1151 1686 1269 1752 habuit
1295 1686 1394 1752 bona.
1439 1686 1487 1752 Et
1513 1684 1594 1750 dicti
1621 1687 1763 1768 quatuor
1790 1685 1866 1768 equi
1890 1691 1925 1752 et

453 1792 531 1892 {iffi-d}
626 1794 757 1858 carecta
778 1790 1013 1874 appreciantur
1036 1790 1079 1856 ad
1101 1791 1178 1874 lxvj.
1194 1813 1221 1856 s.
1244 1790 1313 1874 viij.
1329 1790 1361 1855 1.
1392 1811 1452 1874 pro
1475 1787 1679 1876 deodand[a]
1695 1789 1822 1854 domini
1836 1789 1925 1872 ragis

626 1895 715 1960 unde
730 1895 844 1960 villata
860 1893 900 1960 16
915 1894 1113 1979 Ilmyndono
1128 1897 1297 1960 onoratur.
1342 1893 1389 1959 Et
1405 1894 1467 1958 hoc
1483 1896 1677 1976 presentant
1696 1892 1836 1976 predicti
1855 1892 1923 1976 jur'

625 2001 702 2086 iiij⁰r
717 2001 908 2068 villatarum
924 1999 964 2065 ds
979 1999 1188 2085 ilmyndono‚
1205 1999 1358 2079 Forento,
1376 1997 1476 2065 Stokc
1492 2001 1524 2064 ot
1541 1997 1705 2082 Gompton
1722 1997 1871 2066 Scorien.

1089 2433 1445 2536 [1161616666]

452 2651 536 2695 ΨΜ
627 2653 806 2709 RO'IULUS
839 2651 1035 2708 IOHANNIS
1067 2652 1260 2708 AUNOELL’
1299 2651 1422 2707 UNIUS
1455 2651 1746 2707 CORONATORUM
1778 2651 1926 2706 DOMINI

697 2741 815 2796 REGIS
851 2741 894 2794 IN
931 2740 1130 2795 GOMITA'IU
1167 2738 1361 2794 PREDIC'I'O
1398 2741 1452 2793 DE
1488 2739 1742 2794 ADVENTURIS
1779 2739 1926 2794 MORTIS

697 2827 893 2883 HOMINUM
923 2828 1000 2881 PER
1030 2827 1153 2882 IPSUM
1178 2825 1314 2882 VIsUs³
1345 2827 1370 2890 Α
1400 2827 1470 2880 DIE
1503 2827 1649 2881 MARTIS
1679 2827 1790 2881 PROX'
1821 2827 1925 2880 ANTE

698 2915 857 2970 FRSTUM
895 2915 1032 2970 SANGTI
1068 2913 1230 2967 ANDREE
1267 2913 1453 2968 APOSTOLI
1491 2914 1597 2968 ANNO
1640 2913 1765 2968 RRGNI
1808 2913 1927 2967 REGIS

631 2999 636 3014 '
698 3001 861 3056 RIOARDI
887 3001 1059 3055 SECUNDI
1078 3001 1202 3054 PRIMO
1221 3000 1299 3066 QUO
1318 3001 1388 3053 DIE
1407 3001 1494 3054 IPSE
1513 2999 1718 3054 IOHANNES
1737 3001 1779 3052 IN
1799 3001 1927 3054 PLRNO

698 3088 896 3143 OOMITATU
928 3088 1106 3143 RLEOTUS
1143 3087 1237 3143 FUI'I'
1267 3087 1318 3140 ET
1348 3087 1401 3140 AD
1431 3087 1624 3142 OFFICIUM
1661 3087 1927 3142 CORONA'I'ORIS

698 3175 881 3231 JURATUS.
930 3175 1000 3240 QUI
1030 3175 1146 3230 VOBIS
1184 3175 1407 3230 SIGNIFIOA'I
1443 3175 1757 3242 INQUISISSIONES
1794 3175 1927 3230 GORAM

699 3261 785 3316 IPSO
810 3261 958 3314 DEBITE
984 3261 1134 3316 GAP'IAS.

453 3413 583 3456 36111061·
695 3405 874 3492 Inquisitio
897 3410 995 3492 capta
1018 3428 1130 3474 coram
1153 3407 1308 3474 Johanns
1323 3407 1471 3474 Auncell'
1491 3411 1684 3475 coronatore
1699 3407 1826 3474 domini
1841 3407 1927 3492 regis

629 3515 718 3598 apud
733 3513 902 3580 Wroksale
918 3514 1007 3579 inira
1021 3513 1233 3579 hundredum
1249 3513 1437 3597 predictum
1453 3513 1493 3580 de
1508 3517 1615 3580 morte
1627 3513 1782 3580 Willelmi
1797 3515 1927 3596 Ropare

630 3639 729 3703 super
745 3618 854 3684 visum
870 3617 1015 3702 corporis
1031 3617 1178 3701 ejusdem
1193 3617 1350 3685 Willclmi
1371 3618 1423 3683 die
1438 3618 1576 3685 Veneris
1598 3619 1689 3703 prox’
1706 3620 1781 3701 post
1805 3619 1927 3682 festum

632 3725 753 3790 Sancto
769 3721 928 3789 Katorina
943 3721 1089 3806 Virginis
1112 3742 1201 3788 anno
1224 3721 1318 3805 regni
1333 3723 1420 3806 regis
1437 3723 1570 3788 Ricardi
1593 3722 1730 3788 secundi
1745 3721 1853 3807 primo
1868 3741 1927 3805 per

631 3831 878 3893 sacramentum
903 3874 911 3891 .
936 3875 944 3892 .
970 3827 1000 3891 ‚⁴
1024 3829 1057 3892 61
1077 3847 1137 3911 per
1160 3830 1407 3892 sacramentum
1431 3827 1620 3894 decennarii
1642 3831 1675 3893 ct
1699 3827 1865 3892 decenne⁵
1888 3825 1928 3890 de

455 3943 551 3985 roan.
630 3932 797 4001 Wrocsale
824 3933 857 3997 61
885 3929 1075 3996 1666666111
1101 3934 1134 3996 61
1160 3930 1305 3996 decenne
1326 3930 1367 3996 ds
1388 3931 1597 3998 Comerwelle
1623 3935 1656 3998 61
1679 3929 1868 3997 1666666111
1894 3933 1929 3994 61

630 4037 776 4104 decenne
798 4035 839 4102 ds
854 4035 1041 4101 Attewardc
1064 4038 1108 4106 61,
1120 4034 1309 4101 decennarii
1328 4040 1361 4102 61
1377 4035 1520 4101 decenne
1535 4036 1576 4101 ds
1594 4035 1783 4104 Shaldefeld
1798 4035 1838 4100 de
1853 4055 1927 4118 pro·

630 4141 860 4228 pinquioribus
876 4143 1018 4225 quatuor
1033 4140 1167 4206 villatis.
1213 4140 1277 4222 Qui
1292 4161 1408 4206 omncs
1424 4141 1539 4207 dicunt
1559 4162 1658 4225 super
1681 4143 1928 4206 sacramentum

631 4267 731 4313 suum
747 4245 834 4330 quod
850 4245 902 4311 die
918 4245 1010 4311 Iovis
1025 4246 1117 4328 prox’
1134 4247 1213 4310 6616
1229 4246 1351 4311 festum
1370 4245 1489 4312 Sancte
1505 4246 1664 4311 Katerinc
1678 4243 1825 4328 Virginis
1840 4264 1929 4310 anno

631 4351 725 4434 regni
747 4351 834 4434 regis
857 4349 990 4415 Ricardi
1010 4349 1158 4434 predicto
1174 4349 1309 4434 quidam
1326 4351 1509 4418 Willelmus
1525 4351 1655 4434 Ropare
1671 4371 1770 4434 super
1785 4347 1929 4432 quodam

631 4477 715 4540 equo
730 4455 884 4540 equitans
908 4454 1046 4520 intravit
1069 4455 1177 4539 ripam
1194 4457 1345 4521 vocatam
1368 4455 1620 4522 Haukelebroke
1643 4459 1676 4522 61
1699 4454 1818 4521 6661111
1841 4451 1929 4536 quod

631 4560 672 4625 ds
695 4581 779 4643 equo
802 4579 863 4626 suo
885 4557 921 4623 in
943 4557 1061 4624 eadem
1083 4579 1171 4642 aqua
1194 4557 1309 4624 cesidit
1324 4562 1357 4624 et
1373 4557 1408 4622 in
1424 4559 1539 4624 eadem
1556 4579 1642 4642 aqua
1657 4558 1849 4625 submersus
1865 4555 1929 4622 fuit

665 4749 672 4778 ¹
691 4745 792 4797 Twelve
803 4761 902 4798 names.
1305 4760 1367 4796 man
1380 4743 1432 4795 and
1444 4744 1541 4808 tithing
1552 4745 1579 4795 oi
1591 4745 1649 4795 tour
1661 4743 1849 4808 neighbouring
1861 4743 1929 4793 villo.

664 4815 675 4845 ²
690 4813 749 4863 Roll
762 4815 818 4871 sol,
830 4827 880 4863 cue
893 4811 1050 4870 membrana.
1064 4814 1112 4862 1-2
1124 4809 1198 4862 Rich.
1211 4811 1254 4870 IL,
1338 4813 1347 4841 ¹
1367 4812 1420 4862 816.
1625 4813 1633 4842 ⁴
1651 4809 1752 4860 Twelve
1763 4825 1862 4859 names.

629 4879 782 4940 containing
793 4893 870 4928 seven
882 4878 999 4940 inquests
1011 4878 1043 4942 by
1055 4878 1193 4936 1116116116
1205 4892 1254 4927 666
1338 4879 1347 4908 ¹
1365 4878 1420 4927 MS.
1432 4877 1567 4926 decmuur'
1577 4881 1602 4930 61
1610 4877 1722 4929 deccan’
1734 4875 1797 4926 hers
1805 4875 1858 4926 aud
1865 4874 1928 4926 elsu-

630 4960 689 4996 casa
708 4943 832 5008 thirteen)
850 4945 942 5007 jutura.
958 4943 1010 4995 and
1030 4945 1062 5008 by
1080 4943 1126 4994 the
1146 4943 1254 5006 tithing·
1304 4943 1389 4994 where
1401 4943 1428 4992 in
1441 4943 1485 4993 116
1496 4943 1552 4994 roll.
