4372 5724
1104 557 1311 614 CORONERS’
1337 558 1468 613 ROLLS.

1133 1665 1445 1760 nnosuaursrou.

536 1895 541 1905 -
575 1917 580 1934 ‚
716 1849 901 1916 Willelmus
917 1851 957 1916 de
972 1849 1105 1918 Werdal
1121 1853 1153 1917 et
1169 1850 1309 1918 Matilda
1324 1872 1404 1916 uxor
1420 1851 1491 1936 ejus
1514 1850 1602 1936 capti
1625 1852 1714 1936 apud
1737 1851 1887 1916 Merston
1910 1854 1944 1916 et

651 1955 743 2022 ducti
757 1955 793 2020 in
810 1957 906 2039 pleno
922 1955 1083 2021 comitatu
1098 1977 1158 2040 pro
1174 1955 1379 2040 suspiccione
1395 1955 1522 2022 denarii
1544 1955 1633 2041 capti
1656 1957 1744 2040 apud
1763 1957 1944 2022 Heuwems

650 2060 693 2125 ad
709 2060 844 2125 domum
860 2060 880 2126 J
882 2059 1024 2126 ohannis
1039 2059 1190 2145 Timpan
1207 2060 1314 2143 dictus
1329 2059 1421 2126 Rus¹
1447 2083 1545 2146 super
1568 2061 1630 2127 hoc
1653 2061 1711 2146 qui
1733 2061 1886 2146 cognovit
1908 2059 1945 2125 in

651 2164 748 2248 pleno
770 2163 931 2230 comitatu
953 2165 1040 2249 quod
1062 2163 1189 2231 invenit
1211 2163 1279 2247 viij.
1292 2185 1319 2230 s.
1336 2167 1368 2230 et
1383 2187 1413 2230 x.
1429 2165 1462 2231 d.
1486 2165 1583 2250 quad'
1599 2169 1632 2231 et
1655 2166 1743 2250 quod
1767 2165 1885 2232 habuit
1905 2165 1945 2230 de
2051 2190 2055 2198 ·

652 2269 796 2335 denariis
821 2269 890 2335 suis
909 2268 1051 2354 propriis
1077 2268 1136 2353 iiij.
1164 2289 1190 2334 s.
1235 2269 1282 2335 Et
1304 2289 1403 2335 nemo
1424 2272 1556 2335 secutus
1586 2269 1650 2336 luit
1676 2291 1791 2336 versus
1818 2270 1946 2336 dictum

651 2374 854 2441 Willelmum
870 2393 930 2439 nec
945 2372 1130 2439 Matildsm.
1176 2373 1254 2439 Ideo
1269 2395 1326 2458 per
1341 2373 1641 2442 consideracionem
1651 2375 1754 2441 totius
1766 2374 1947 2441 comitatus

653 2477 780 2544 denarii
804 2477 926 2544 scilicet
944 2477 1010 2563 viij.
1028 2498 1053 2542 s.
1070 2480 1103 2543 et
1126 2499 1146 2542 x
1168 2477 1200 2542 d.
1223 2482 1256 2543 et
1279 2479 1376 2562 quad’
1393 2478 1575 2544 liberantur
1598 2479 1710 2546 villata
1733 2480 1773 2545 de
1795 2480 1946 2545 Merston

558 2643 563 2650 .
652 2583 711 2650 ubi
726 2583 816 2669 capti·
829 2585 974 2650 fuerunt.
1018 2583 1066 2648 Et
1081 2581 1190 2648 dictus
1204 2583 1389 2652 Willelmus
1404 2587 1437 2649 et
1453 2583 1593 2651 Matilda
1611 2583 1713 2670 quieti
1729 2585 1947 2651 recesserunt.

721 3315 807 3380 Item
823 3314 864 3380 ad
880 3313 1075 3380 comitatum
1090 3313 1187 3379 Bedl’
1204 3314 1256 3380 die
1276 3315 1372 3380 Luna
1393 3315 1483 3399 prox*
1508 3318 1586 3381 ante
1608 3313 1837 3399 Epiphaniam
1859 3334 1950 3380 anno

656 3420 749 3504 regni
764 3420 851 3503 regis
862 3420 932 3484 l⁰vl⁰
947 3420 1046 3501 Hugo
1062 3417 1204 3497 Gobiun,
1216 3419 1369 3485 Annaliun
1379 3419 1468 3485 filius
1478 3419 1631 3503 Hugonis
1644 3419 1787 3496 Gobiun,
1800 3420 1950 3503 Rogatus

566 3531 569 3537 '
657 3525 801 3602 Gobiun,
817 3523 981 3588 Robertus
997 3523 1125 3600 Russel,
1143 3523 1286 3588 Thomas
1301 3524 1332 3589 le
1348 3525 1551 3610 Kenfpaimo
1574 3523 1772 3609 interrogati
1793 3545 1853 3610 per
1876 3545 1951 3609 pre-
2051 3593 2053 3596 Α

657 3633 791 3713 ceptum
807 3627 933 3692 domini
948 3627 1046 3710 Regis
1062 3627 1097 3690 in
1112 3626 1173 3692 hec
1188 3627 1297 3693 verba.
1679 3601 1693 3645 ⁸
1794 3625 1802 3645 '

722 3731 889 3798 Henricus
915 3730 968 3796 dci
994 3731 1104 3814 gracia
1127 3729 1310 3796 vicecomiti
1331 3732 1430 3798 Bedl'
1459 3733 1611 3800 salutem.
1656 3733 1863 3819 Precipimus
1890 3733 1951 3802 tibi

656 3835 744 3920 quod
760 3856 872 3901 coram
888 3839 921 3900 te
936 3837 969 3900 et
985 3834 1175 3900 custodibus
1190 3835 1387 3918 placitorum
1403 3858 1522 3904 corone
1537 3841 1649 3904 nostre
1670 3838 1705 3904 in
1729 3839 1828 3924 pleno
1850 3840 1950 3906 comi-

657 3945 732 4008 tatu
761 3939 846 4023 exigi
876 3938 978 4004 facias
1008 3939 1196 4021 Hngonem,
1228 3942 1261 4005 et
1291 3939 1463 4006 Ancellum
1493 3941 1601 4008 filium
1626 3943 1781 4028 Hugonie
1806 3945 1950 4022 Gobiun,

657 4047 824 4129 Rogerum
840 4043 984 4121 Gobiun,
999 4042 1180 4108 Robertum
1196 4043 1324 4121 Russsl,
1341 4044 1503 4111 Thomam
1523 4047 1553 4112 le
1576 4047 1659 4124 Keu,
1676 4048 1717 4115 de
1733 4049 1895 4116 comitatu
1917 4049 1953 4114 in

659 4150 858 4216 comitatum
880 4167 1050 4232 quousque
1073 4147 1290 4230 utlagantur²
1314 4147 1343 4212 si
1372 4169 1440 4216 non
1470 4152 1727 4234 comparuerint,
1750 4156 1784 4218 et
1806 4153 1835 4218 si
1865 4175 1952 4220 com·

659 4253 831 4338 paruerint
847 4273 903 4318 eos
926 4250 1037 4336 capias
1053 4253 1086 4316 et
1103 4251 1192 4316 salvo
1213 4251 1379 4318 custodias
1393 4251 1429 4318 in
1444 4253 1580 4338 prisona
1601 4259 1718 4322 nostra
1733 4257 1782 4322 ita
1794 4258 1883 4340 quod
1898 4277 1955 4323 cos

660 4356 783 4423 habeas
805 4377 917 4421 coram
929 4353 1123 4439 justiciariis
1138 4353 1261 4420 nostris
1276 4356 1365 4438 apud
1379 4355 1516 4424 Westm'
1539 4357 1575 4422 in
1589 4360 1745 4427 ¹crastino
1760 4361 1956 4428 Assncionis

661 4461 796 4527 Domini
811 4461 854 4526 ad
869 4457 1151 4543 resspondcndum
1166 4457 1294 4541 Rogero
1305 4460 1469 4526 Bratesun
1485 4461 1525 4527 de
1540 4462 1661 4546 placito
1677 4464 1804 4530 roboris
1815 4469 1849 4531 et
1863 4466 1957 4549 pacis

660 4570 773 4656 nostre
789 4567 891 4630 fracte
906 4563 994 4629 unde
1009 4584 1064 4630 eos
1087 4562 1241 4648 apellavit
1256 4565 1289 4629 st
1305 4565 1392 4630 unde
1407 4566 1600 4632 mandasti³
1618 4567 1816 4650 justiciariis
1831 4571 1958 4637 nostris

835 4795 841 4824 ¹
860 4793 914 4843 MS.
926 4792 970 4843 aar
982 4785 1031 4842 12³³.
1262 4795 1272 4824 ²
1290 4793 1342 4844 Sic.
1541 4800 1551 4827 ²
1568 4799 1624 4850 MS.
1635 4799 1778 4851 mndoct’.
