4364 5736
528 572 574 646 78
993 587 1203 645 66666666
1227 587 1358 644 nonna.

523 758 605 825 rint.
650 757 697 826 Et
713 756 742 824 61
751 755 996 843 comparuerint
1008 761 1089 824 tunc
1099 776 1154 824 eos
1165 756 1277 842 capias
1287 760 1320 823 et
1332 757 1423 824 selvo
1432 755 1467 822 in
1477 755 1612 842 prisona
1622 763 1737 828 nostra
1749 781 1821 827 cus·

525 863 644 941 161166,
660 861 708 927 116
724 861 811 945 quod
833 861 956 928 habeas
974 882 1112 946 corpora
1127 881 1242 928 eorum
1258 881 1370 927 coram
1392 859 1488 926 nobis
1503 860 1540 926 in
1556 862 1690 930 Octabis
1708 861 1823 931 Sancti

524 967 659 1032 Hillarii
674 967 872 1050 ubicumque
882 969 962 1032 tunc
977 966 1138 1032 fuerimus
1154 965 1189 1030 in
1204 966 1379 1050 Anglia'ud
1390 965 1661 1032 satisfaciendum
1673 969 1769 1034 nobis
1782 969 1822 1034 de

500 1071 751 1153 ,redempcione
774 1091 836 1136 sua
862 1071 1033 1137 occasione
1059 1071 1234 1156 cujusdam
1261 1070 1535 1160 transgressionis
1558 1073 1640 1138 6161
1662 1073 1765 1138 armis
1788 1076 1822 1138 et

523 1177 639 1240 contra
648 1194 764 1257 pacem
780 1177 930 1241 nostram
945 1175 1094 1241 iohanni
1109 1176 1149 1242 de
1164 1175 1321 1259 Heyham
1338 1197 1397 1259 per
1412 1176 1559 1259 prefatos
1575 1177 1773 1243 Nicholaum
1788 1181 1821 1242 61

524 1281 607 1346 61166
631 1280 727 1357 16616,
743 1281 841 1364 prout
857 1301 915 1364 per
931 1280 1099 1364 quendam
1111 1279 1261 1364 juratam
1276 1279 1312 1344 in
1335 1280 1428 1346 curia
1450 1283 1565 1346 nostra
1588 1302 1701 1348 coram
1725 1282 1821 1347 nobis

522 1383 600 1450 inde
612 1387 745 1468 captam
755 1384 942 1450 convictum
959 1387 1020 1450 est.
1043 1385 1090 1450 Et
1106 1385 1194 1450 unde
1209 1387 1248 1450 tu
1263 1383 1334 1468 ipse
1344 1384 1439 1450 nobis
1449 1384 1533 1451 alias
1543 1385 1723 1451 retornasti
1732 1385 1820 1468 quod

523 1488 663 1572 predicti
686 1489 865 1553 Nicholaus
881 1492 913 1554 et
935 1489 992 1555 alii
1007 1509 1075 1554 non
1092 1491 1171 1554 sunt
1185 1487 1314 1554 inventi
1334 1487 1370 1552 in
1397 1489 1519 1554 balliva
1541 1492 1601 1556 tua
1619 1511 1679 1555 nec
1696 1489 1820 1573 aliquid

523 1591 648 1657 habent
663 1613 721 1674 per
736 1592 823 1675 quod
838 1594 979 1675 possunt
989 1591 1177 1658 attechiari.
1222 1591 1268 1657 Et
1291 1590 1415 1658 habeas
1430 1591 1476 1657 ibi
1490 1592 1554 1659 hoc
1569 1593 1678 1659 breve.
1725 1594 1821 1659 Teste

523 1697 569 1764 H.
586 1697 617 1762 16
635 1695 746 1780 Scrop'
764 1696 852 1780 apud
867 1697 1056 1762 Eboracum
1072 1695 1172 1780 xxiiij.
1189 1695 1241 1760 die
1257 1694 1351 1760 iunii
1366 1717 1455 1762 anno
1470 1696 1564 1780 regni
1578 1697 1685 1764 nostri
1700 1697 1764 1782 xvj.

588 1801 661 1884 Ego
677 1800 848 1867 Jchannes
864 1801 904 1866 de
922 1801 1044 1868 Sancto
1059 1800 1178 1866 Mauro
1196 1799 1375 1866 vicecomes
1391 1801 1508 1866 Norht’
1531 1801 1712 1884 respondeo
1734 1801 1822 1885 quod

522 1905 565 1970 ad
587 1903 775 1989 proximum
797 1903 994 1970 comitatum
1016 1906 1091 1988 post
1113 1902 1338 1988 recepcionem
1360 1903 1461 1988 hujus
1484 1905 1592 1970 brevis
1614 1907 1746 1972 tentum
1769 1905 1822 1970 (116

522 2010 615 2076 16616
629 2011 721 2094 prox’
737 2011 812 2093 post
832 2008 954 2074 festum
975 2007 1224 2091 Assumpcionis
1248 2007 1352 2074 Beate
1376 2007 1482 2074 Marie
1506 2029 1595 2074 anno
1619 2009 1712 2092 regni
1735 2007 1821 2092 regis

521 2113 678 2180 Edwardi
693 2112 754 2178 filii
769 2111 855 2196 regis
870 2111 1026 2178 Edwardi
1041 2111 1116 2195 xvij.
1133 2111 1312 2176 Nicholaus
1328 2111 1454 2196 Duffyn
1469 2115 1502 2178 et
1521 2112 1578 2200 alii
1593 2112 1628 2176 in
1645 2112 1736 2178 brevi
1757 2113 1821 2178 isto

522 2217 688 2291 nominati
702 2199 810 2300 primo
825 2215 931 2282 execti
947 2216 1081 2281 fuerunt
1103 2217 1135 2281 et
1159 2235 1227 2280 non
1246 2219 1514 2299 comparuerunt.
1559 2217 1610 2282 Ad
1633 2217 1821 2301 proximum

522 2321 718 2386 comitatum
748 2321 940 2403 sequentem
970 2321 1103 2384 tentum
1133 2318 1256 2385 ibidem
1278 2319 1331 2385 die
1354 2320 1445 2386 Jovis
1475 2323 1568 2404 prox’
1592 2324 1668 2406 post
1694 2323 1819 2388 festum

521 2423 747 2491 Exultacionis
765 2424 885 2491 Sancte
901 2421 1015 2490 Crucis
1031 2443 1120 2488 anno
1141 2423 1331 2506 supradicto
1350 2423 1450 2490 iidem
1467 2423 1646 2491 Nicholaus
1662 2428 1695 2492 61
1712 2425 1768 2492 elii
1784 2425 1820 2491 in

521 2527 613 2595 brevi
628 2528 692 2594 isto
707 2527 872 2594 nominati
889 2527 1032 2593 secundo
1048 2526 1153 2593 exacti
1170 2527 1305 2593 fuerunt
1321 2529 1353 2592 et
1369 2548 1437 2593 non
1452 2529 1723 2613 comparuerint.¹
1769 2529 1820 2595 Ad

522 2631 709 2716 proximum
732 2631 928 2698 comitatum
951 2633 1143 2714 sequentem
1167 2635 1297 2697 tentum
1320 2630 1443 2698 ibidem
1464 2633 1516 2699 die
1532 2633 1624 2701 Jovis
1638 2633 1729 2719 prox’
1745 2636 1821 2718 post

523 2737 646 2802 festum
672 2737 785 2804 Sancti
808 2735 960 2820 Dionysii
985 2756 1074 2802 anno
1101 2735 1289 2820 supradicto
1313 2735 1413 2802 iidem
1438 2737 1618 2804 Nicholaus
1645 2741 1678 2804 et
1702 2739 1758 2804 alii
1784 2739 1820 2804 in

522 2841 614 2908 brevi
639 2841 704 2907 1616
730 2840 894 2907 nominati
916 2839 1018 2906 tercio
1040 2840 1145 2906 exacti
1168 2841 1303 2906 fuerunt
1322 2843 1354 2907 61
1371 2862 1438 2907 non
1454 2845 1723 2926 comparuerunt.
1769 2843 1821 2908 Ad

522 2944 709 3029 proximum
732 2945 928 3011 comitatum
951 2947 1142 3028 sequentem
1165 2947 1297 3012 tentum
1320 2945 1442 3011 ibidem
1464 2947 1515 3012 die
1531 2947 1623 3014 Jovis
1638 2949 1728 3030 prcx'
1745 2951 1821 3030 post

523 3048 646 3114 festum
672 3048 786 3114 Sancti
809 3047 975 3113 Leonardi
997 3068 1086 3112 anno
1109 3047 1299 3131 supradicto
1321 3047 1421 3114 iidem
1445 3049 1624 3116 Nicholaus
1647 3053 1680 3116 61
1703 3049 1761 3116 aiii
1784 3050 1820 3114 in

523 3153 614 3218 brevi
638 3151 703 3218 1616
726 3151 890 3217 nominati
913 3155 1030 3235 quarto
1053 3151 1158 3216 exacti
1181 3151 1316 3216 fuerunt
1339 3156 1372 3217 et
1395 3173 1463 3218 non
1490 3157 1748 3238 comparuerunt
1770 3157 1820 3220 661

393 3259 395 3263 ’
523 3255 716 3344 manucapti
732 3256 867 3321 fuerunt
883 3276 941 3338 per
956 3255 1157 3322 Willelmum
1170 3255 1209 3320 de
1224 3255 1315 3322 Rode
1330 3256 1460 3321 essendi
1476 3258 1518 3322 ad
1541 3258 1696 3341 quintum
1719 3257 1819 3323 comi·
1856 3305 1859 3310 .

522 3361 632 3426 tatum
656 3359 712 3442 qui
737 3361 851 3424 tentus
874 3359 938 3424 fuit
960 3358 1082 3424 ibidem
1105 3359 1158 3423 die
1181 3358 1272 3424 Jovis
1295 3358 1330 3422 in
1353 3361 1437 3425 16616
1461 3361 1695 3445 Concepcicnis
1717 3362 1820 3426 Beste

523 3464 628 3529 Marie
644 3485 732 3528 anno
748 3463 947 3546 supradicto,
964 3482 1028 3546 quo
1044 3463 1097 3527 (116
1112 3462 1251 3547 predicti
1267 3463 1445 3529 Nicholaus
1461 3467 1493 3530 et
1509 3465 1567 3530 alii
1582 3467 1617 3530 in
1640 3465 1705 3530 isto
1728 3465 1820 3530 16661

522 3566 687 3633 nominati
710 3555 826 3650 quin'to
845 3567 950 3632 execti
971 3567 1116 3631 fuerunt.
1161 3567 1208 3632 Et
1224 3567 1402 3633 Nicholaus
1425 3569 1597 3652 Duppyn‚²
1621 3569 1757 3635 Matillis
1780 3569 1820 3634 de

521 3671 703 3755 Draytone,
727 3670 898 3736 iohannes
922 3671 961 3735 de
988 3669 1174 3754 Langeleye
1197 3671 1230 3734 et
1251 3671 1420 3737 iohannes
1445 3671 1485 3736 de
1507 3673 1729 3739 Grsuncestre
1751 3694 1820 3738 non

522 3779 778 3859 comparuerunt
808 3778 942 3859 propter
973 3775 1060 3858 quod
1087 3775 1187 3840 iidem
1214 3775 1393 3842 Nicholaus
1419 3777 1555 3861 Duffyn,
1584 3779 1754 3844 Johannes
1781 3779 1821 3843 de

521 3879 707 3964 Langcleye
738 3882 770 3944 et
801 3879 972 3946 iohannes
1006 3879 1046 3945 de
1079 3880 1302 3946 Grauncestre
1333 3881 1474 3964 utlagati
1505 3885 1584 3948 sunt
1611 3885 1643 3949 et
1673 3882 1821 3966 predicta

522 3983 660 4049 Matillis
680 3983 843 4068 wayviate
867 3987 927 4049 est.
974 3983 1021 4050 Et
1043 3984 1183 4067 predicti
1198 3985 1381 4051 Willelmus
1398 3987 1524 4052 Tolowe
1545 3991 1578 4053 et
1594 3977 1765 4054 iohannes
1781 3988 1821 4052 de

521 4089 722 4171 Benteleghe
737 4089 947 4171 protulerunt
963 4089 1060 4155 breve
1076 4088 1202 4154 domini
1217 4090 1304 4173 regis
1320 4091 1362 4155 ad
1386 4093 1668 4175 supersedendum
1685 4093 1820 4177 deipsis

521 4191 661 4256 ulterius
691 4191 857 4275 exigendis
888 4191 930 4256 ad
961 4193 1103 4275 aliquem
1130 4193 1326 4258 comitatum
1352 4196 1522 4261 occasione
1548 4196 1707 4280 predicta,
1734 4197 1821 4280 quod

521 4294 654 4378 quidem
669 4295 766 4360 16666
781 4295 858 4360 1616
874 4296 982 4361 rotulo
997 4299 1185 4362 consutum.

586 4399 793 4466 ³Edwardus
809 4399 862 4466 dei
872 4401 989 4483 'gracia
1004 4422 1060 4466 rex
1075 4401 1203 4485 Anglie,
1220 4401 1374 4469 dominus
1393 4403 1553 4469 Hibernie
1576 4407 1609 4470 et
1632 4404 1698 4468 dux
1721 4403 1821 4487 Aqui·

520 4503 611 4571 tanie
635 4505 807 4570 vicecomti
833 4505 951 4570 Norht'
977 4507 1130 4572 salutem.
1177 4508 1261 4574 Cum
1285 4529 1392 4591 nuper
1417 4508 1478 4573 tibi
1500 4509 1708 4593 precepimus
1733 4508 1821 4592 quod

521 4608 605 4692 exigi
621 4610 744 4675 iaceres
767 4610 969 4678 Willelmum
993 4613 1119 4679 Tolowe
1141 4615 1174 4678 61
1197 4613 1387 4680 iohannem
1401 4614 1443 4679 de
1466 4615 1670 4697 Benteleghe
1696 4661 1705 4679 .
1730 4661 1738 4678 .
1764 4662 1772 4678 .
1799 4615 1821 4678 ‚⁴

554 4830 561 4858 ¹
581 4827 634 4880 Sic.
834 4831 844 4860 ²
862 4831 915 4882 Sic.
1229 4834 1237 4863 ¹
1254 4833 1358 4885 Recites
1369 4833 1415 4885 the
1427 4833 1567 4886 substance
1579 4835 1606 4886 61
1623 4833 1669 4886 thc
1680 4833 1822 4898 preceding

554 4897 564 4925 ³
580 4893 645 4947 This
656 4894 714 4947 writ
725 4894 748 4947 is
760 4909 829 4946 sewu
841 4900 867 4947 1ο
876 4897 921 4948 the
933 4896 989 4948 6611.
1198 4899 1262 4950 writ.
