4326 5722
574 518 595 592 7
850 573 853 580 .
1048 536 1255 594 concauus
1280 538 1411 595 nonus

570 706 658 792 cepit
675 706 843 792 quandam
858 706 1013 774 hachiam
1029 707 1064 774 in
1080 729 1183 774 mauu
1199 727 1261 775 sua
1275 712 1309 776 et
1323 708 1486 795 percussit
1507 709 1633 776 dictum
1648 711 1815 796 Rogerum
1832 713 1872 780 dc

571 811 722 878 Bemleld
737 811 895 897 incapite
911 813 998 898 qnod
1013 813 1140 891 cecidit,
1156 817 1190 880 et
1205 835 1321 881 omnes
1336 815 1394 882 alii
1410 817 1533 882 felones
1549 817 1665 882 statim
1689 819 1870 902 fugierunt.

571 916 619 983 Et
636 917 750 984 statim
765 919 958 984 levaverunt
973 918 1158 1004 huttesium
1173 923 1207 985 et
1223 920 1287 985 luit
1302 925 1516 1005 prosecutum
1540 942 1598 1006 per
1623 925 1730 988 totam
1745 923 1813 989 vill*
1838 927 1871 990 et

571 1023 683 1089 villate
699 1024 883 1088 venerunt.¹
928 1023 975 1093 Et
991 1025 1099 1090 dictus
1114 1025 1262 1108 Rogcrns
1277 1025 1358 1092 vixit
1373 1048 1477 1111 usque
1492 1027 1528 1092 in
1543 1027 1727 1094 crastinum
1742 1032 1776 1095 et
1790 1031 1871 1116 tuuc

571 1127 665 1193 obiit.
712 1129 755 1194 nt
771 1131 950 1212 antequam
966 1129 1048 1195 obiit
1063 1130 1239 1213 congnovit
1263 1150 1375 1196 coram
1399 1132 1543 1198 Roberto
1567 1131 1607 1198 (16
1633 1131 1815 1217 Crevequer
1837 1136 1870 1198 et

573 1234 687 1300 villata
702 1233 743 1298 (16
757 1234 907 1300 Ronhale
922 1235 1009 1319 quod
1024 1235 1102 1300 illuc
1114 1235 1204 1301 venit
1220 1236 1263 1302 ad
1278 1235 1492 1303 occidendum
1508 1237 1634 1303 dictum
1652 1239 1822 1306 Simonem
1838 1243 1871 1305 et

573 1343 678 1406 totam
695 1339 857 1405 familiam
873 1361 980 1406 suam.
1026 1340 1072 1407 llt
1088 1341 1130 1406 ad
1146 1341 1282 1406 domum
1303 1341 1442 1425 predicti
1468 1343 1612 1410 Simonis
1638 1347 1871 1410 remanserunt

573 1444 614 1510 de
630 1445 717 1510 dicto
732 1445 860 1528 Rogero
875 1448 1008 1512 mortuo
1023 1449 1056 1510 et
1072 1446 1146 1510 aliis
1161 1446 1346 1512 latronibus
1362 1447 1408 1531 iij.
1425 1447 1500 1532 equi
1515 1469 1592 1513 cum
1608 1448 1696 1514 sellis
1712 1453 1745 1514 et
1757 1449 1869 1527 irenis,

572 1549 664 1616 etin
687 1551 784 1633 pleno
809 1552 970 1616 comitatu
996 1549 1049 1616 (116
1071 1550 1321 1635 Assumpcionis
1344 1553 1446 1620 Beate
1470 1553 1575 1619 Marie
1602 1574 1690 1619 anno
1714 1554 1740 1618 l⁰
1763 1554 1870 1638 primo

423 1690 471 1721 aa
572 1655 805 1740 appreciantur
821 1655 864 1721 ad
879 1656 942 1720 xlv.
960 1675 985 1721 s.
1003 1659 1036 1722 et
1050 1655 1233 1722 liberantur
1244 1657 1355 1723 villate
1370 1658 1410 1722 de
1422 1658 1581 1725 Rcuhale.
1616 1658 1870 1726 Memorandum

573 1761 660 1844 quod
680 1760 719 1826 B.
736 1759 844 1826 dictus
868 1759 1007 1836 Juvcnis
1033 1764 1111 1827 tunc
1126 1760 1306 1828 vicecomes
1332 1761 1412 1827 Bed’
1429 1762 1515 1847 cepit
1539 1757 1644 1830 dictos
1670 1784 1771 1848 equos
1794 1785 1870 1830 cum

572 1864 737 1932 harnesiis
752 1865 787 1930 in
803 1865 901 1950 pleno
916 1865 1077 1932 comitatu
1093 1866 1136 1932 ad
1151 1887 1235 1950 opus
1251 1866 1378 1933 domini
1392 1867 1573 1934 Edwardi.²

638 1971 818 2056 Inquisicio
839 1972 927 2038 facta
950 1992 1061 2038 coram
1085 1972 1125 2038 G.
1141 1973 1319 2038 Ronlauud
1341 1978 1533 2040 coronatore
1555 1995 1614 2058 par
1629 1973 1689 2059 iiij.
1704 1974 1771 2040 vill’
1795 1997 1869 2061 pro·

572 2075 773 2160 pinquiores,
789 2075 949 2156 Rouhale,
965 2077 1133 2156 Berelord,
1149 2077 1298 2146 Wildene
1314 2079 1605 2163 etGoudingtone,
1621 2101 1684 2164 que
1700 2081 1816 2148 dicunt
1832 2083 1869 2148 ut

573 2181 758 2266 predictum
774 2184 834 2248 est.
872 2243 876 2250 .

432 2525 447 2556 u
518 2555 523 2566 ,
641 2489 787 2574 Contigit
803 2489 891 2575 apud
907 2489 1127 2575 Goldingtoue
1143 2490 1195 2558 (116
1209 2479 1458 2576 1611611611οἰ
1475 2495 1550 2577 post
1574 2477 1696 2560 festum
1712 2493 1868 2576 Assump-

573 2595 795 2699 cionisBeate
817 2596 923 2662 Maria
946 2617 1034 2662 anuo
1050 2597 1075 2660 l⁰
1089 2596 1196 2681 primo
1221 2597 1307 2682 quod
1322 2596 1427 2662 Alicia
1442 2596 1511 2663 filia
1526 2597 1663 2663 Henrici
1678 2597 1807 2681 Wigein
1830 2597 1870 2664 de

575 2701 808 2786 Goudiugtone
824 2701 891 2766 1616
906 2701 1048 2766 duorum
1064 2721 1229 2767 annornm
1244 2701 1343 2768 exivit
1358 2701 1398 2768 de
1414 2702 1506 2768 curia
1518 2701 1597 2767 dicti
1609 2701 1747 2767 Henrici
1761 2705 1794 2766 et
1810 2700 1870 2766 ivit

574 2807 611 2872 iu
627 2807 773 2874 (irenam
789 2806 832 2872 ad
847 2806 1013 2890 quendam
1029 2805 1165 2882 fontem,
1182 2809 1214 2871 et
1230 2805 1347 2872 cecidit
1363 2807 1398 2871 in
1414 2805 1501 2872 dicto
1524 2807 1614 2872 loute
1637 2809 1670 2872 et
1691 2805 1869 2870 submersit

491 2996 495 3004 Ι
576 2909 661 2998 [sei]
677 2932 734 2995 per
749 2909 987 2976 infortunium·
1026 2909 1073 2976 Et
1095 2911 1230 2994 Angues
1249 2914 1356 2978 mater
1371 2911 1443 2996 ejus
1465 2910 1573 2996 primo
1589 2909 1716 2978 invenit
1738 2931 1812 2976 sam
1836 2913 1869 2976 ct

576 3015 703 3081 invenit
740 3015 864 3100 plegios
901 3013 1085 3080 Henricum
1117 3014 1257 3100 Wygein
1291 3019 1324 3082 et
1354 3016 1538 3083 Waltarum
1575 3014 1791 3082 Roklresdone
1828 3015 1869 3082 (16

577 3119 821 3204 Goudingtone.
1643 3122 1647 3132 '

641 3225 820 3310 inquisicio
846 3225 934 3291 lacta
963 3245 1074 3291 coram
1106 3224 1141 3292 S.
1172 3224 1269 3292 Ruffo
1299 3229 1490 3292 coronatore
1519 3247 1578 3310 per
1609 3225 1667 3310 iiij.
1698 3225 1765 3291 vill’
1795 3246 1870 3310 pro·

574 3329 773 3416 pinquiores,
790 3329 1031 3413 Goudingtone,
1048 3329 1207 3419 Ronhale,
1224 3330 1389 3408 Berelord‚
1400 3330 1558 3409 wildene,
1575 3351 1637 3416 que
1653 3331 1769 3397 dicunt
1785 3329 1871 3414 quod

575 3434 678 3501 nichil
694 3435 777 3501 aliut
793 3433 903 3502 sciunt
918 3433 984 3499 nisi
999 3433 1232 3500 infortunium.

642 3641 789 3727 Contigit
826 3641 861 3708 in
898 3641 1055 3728 parochia
1092 3641 1133 3708 (16
1169 3642 1279 3708 Elone
1309 3643 1361 3710 die
1392 3643 1484 3710 Jovis
1520 3644 1611 3729 prox’
1642 3646 1717 3728 post
1748 3643 1871 3709 festum

578 3747 612 3816 S.
626 3747 802 3814 Laurencii
818 3769 906 3814 anno
921 3747 946 3812 l⁰
961 3747 1069 3832 primo
1085 3747 1172 3831 qnod
1184 3747 1350 3814 Henricus
1366 3749 1538 3815 Costentin
1553 3752 1586 3815 et
1602 3749 1736 3831 Angues
1748 3747 1872 3813 Anusel

575 3856 737 3920 venerunt
753 3853 788 3917 iu
804 3873 959 3936 campum
975 3852 1085 3936 quod⁴
1101 3855 1237 3918 vocatur
1254 3853 1480 3930 Twedescrolt‚
1497 3857 1529 3920 et
1551 3853 1669 3920 habuit
1684 3853 1720 3918 in
1743 3856 1872 3918 carecta

575 3979 637 4024 sua
652 3978 681 4022 x.
699 3957 817 4042 gerbas
834 3957 1003 4022 frumeuti.
1027 3955 1075 4022 Et
1091 3955 1199 4023 dictus
1215 3957 1381 4023 Henricus
1397 3957 1556 4023 titubavit
1565 3978 1641 4022 cum
1653 3957 1792 4041 pedibus
1804 3956 1872 4021 suis

575 4067 608 4130 at
624 4063 739 4129 cecidit
755 4082 853 4146 super
869 4062 1046 4147 quemdam
1066 4061 1222 4127 baculum
1245 4065 1371 4128 carente
1393 4059 1441 4128 ita
1463 4061 1550 4145 quod
1575 4061 1711 4127 baculus
1734 4060 1873 4126 intravit

575 4168 618 4233 ad
633 4168 899 4234 tundamentum.
944 4165 991 4232 Et
1006 4165 1124 4232 habuit
1141 4164 1219 4249 jura
1234 4187 1295 4232 sua
1310 4167 1529 4231 ecelesiastica
1552 4169 1585 4230 et
1600 4165 1681 4231 vixit
1704 4184 1808 4248 usque
1831 4163 1873 4228 ad

575 4272 663 4338 diem
679 4271 774 4336 Luna
789 4271 973 4354 proximam
989 4273 1180 4354 sequentem
1197 4273 1229 4336 et
1245 4273 1326 4336 tuno
1341 4271 1422 4336 obiit
1438 4269 1524 4336 circa
1539 4270 1656 4334 horam
1673 4268 1827 4354 primam.

642 4374 820 4460 Inquisicio
850 4376 938 4441 lacta
969 4393 1081 4441 coram
1113 4374 1147 4441 S.
1177 4374 1275 4440 Rullo
1298 4377 1490 4440 coronatore
1519 4394 1578 4458 per
1608 4373 1667 4457 iiij.
1698 4372 1765 4437 vill'
1796 4393 1870 4456 pro·

575 4480 774 4566 pinquiorss,
805 4480 923 4557 Etone,
954 4478 1231 4564 Wybaudestone,
1264 4479 1462 4556 Gclmorthe,
1496 4478 1642 4562 Sutbiry,
1667 4497 1730 4561 que
1757 4476 1872 4542 dicunt

576 4585 663 4670 quod
678 4585 781 4649 nichil
804 4584 913 4650 sciunt
935 4583 1002 4648 nisi
1024 4582 1255 4650 infortunium.
1301 4585 1434 4668 Angues
1458 4583 1582 4650 Aunsel
1606 4579 1873 4665 invenit-plegios

613 4805 619 4834 ¹
638 4804 693 4856 MS.
705 4808 729 4854 ct
739 4801 797 4852 vill'
809 4805 873 4854 vca’.
1251 4803 1342 4868 Ycuug
1353 4821 1406 4857 was
1418 4806 1602 4858 subvicecomca
1614 4821 1643 4856 or
1657 4805 1752 4869 deputy
1764 4801 1862 4852 sberili.

611 4872 621 4900 ²
637 4871 756 4929 Edward,
768 4869 849 4920 oldest
866 4885 913 4919 sou
931 4870 959 4919 01
976 4868 1066 4933 Η61111
1079 4869 1135 4929 ΙΙΙ.,
1147 4885 1200 4920 was
1283 4873 1293 4902 ¹
1310 4873 1360 4922 Not
1372 4873 1399 4922 in
1412 4875 1466 4926 Ma.

578 4935 668 4987 aherill
704 4940 731 4986 ol
765 4936 964 4996 Bedlordslri1·e;
1010 4937 1200 4987 Bartlrolonrcw
1285 4940 1365 4988 *Sic
