4372 5724
577 575 625 648 42
1048 589 1256 647 couousss’
1282 589 1412 647 sonas.

577 761 692 845 placeo
707 759 743 827 in
758 761 914 830 Westone
930 759 1093 839 Goleville,
1108 762 1141 828 et
1157 759 1333 847 cespitavil
1353 764 1387 828 et
1402 779 1460 844 per
1476 755 1699 823 infortunium
1715 755 1831 823 cecidit
1847 754 1883 820 in

578 867 765 951 predictum
788 868 927 950 puteum
951 869 984 930 61
1007 865 1129 931 ibidem
1153 865 1343 932 submersit.
1389 864 1467 930 Ideo
1489 866 1683 948 preceptum
1701 867 1752 929 est
1771 863 1884 929 obstu-
2015 927 2020 934 .

579 989 659 1054 pare
674 969 861 1053 predictum
877 971 1026 1052 puteum,
1044 973 1106 1035 616.

644 1074 692 1141 Et
708 1077 787 1141 sunt
802 1077 944 1159 quatuor
960 1074 1059 1141 vicini
1074 1073 1325 1160 propinquiores
1341 1073 1487 1141 scilicet:

807 1234 1003 1319 Redulphus
1033 1235 1170 1315 albich,
1197 1236 1304 1340 plegii
1319 1235 1468 1321 ejusdem
1491 1234 1658 1301 Henricus
1681 1234 1826 1302 Fectour
1850 1235 1883 1300 et

896 1341 1080 1407 Willeimus
1095 1342 1244 1408 Elienor.

807 1445 828 1510 J
830 1445 979 1512 ohannes
991 1446 1264 1525 Factouressone,
1276 1444 1375 1530 plegii
1386 1445 1534 1530 ejusdem
1543 1445 1728 1514 Willeimus
1739 1444 1884 1510 Factour

896 1553 929 1617 et
944 1551 1129 1619 Willeimus
1143 1551 1282 1618 Alfrich.
1639 1591 1641 1597 =

808 1654 978 1722 lohannes
1015 1655 1110 1733 Rota,
1140 1655 1240 1740 plegii
1269 1654 1418 1740 ejusdem
1447 1653 1703 1720 Bartholomeus
1740 1652 1813 1721 Bad
1841 1654 1886 1757 ⁴et

625 1589 734 1658 Vicini

897 1759 1067 1826 lohannes
1083 1760 1166 1826 Bad.

809 1864 954 1930 Thomas
970 1864 1148 1948 Godwyne,
1161 1863 1261 1949 plegii
1272 1863 1420 1948 ejusdem
1436 1863 1537 1947 Hugo
1551 1862 1649 1948 Swyn
1662 1865 1695 1929 61
1710 1861 1885 1946 Philippus

898 1968 1080 2035 Waleman.

516 2253 527 2284 e
647 2216 774 2284 Accidit
795 2215 830 2284 in
851 2217 929 2285 villa
955 2218 995 2285 de
1015 2218 1192 2286 Horeneth'
1221 2218 1273 2286 dic
1289 2216 1466 2286 Dominica
1486 2217 1636 2305 proxima
1657 2221 1733 2304 post
1754 2219 1878 2286 festum

583 2320 698 2390 Sancti
722 2321 875 2388 Barnsbe
897 2322 1046 2406 Apostoli
1073 2343 1162 2389 anno
1188 2322 1283 2406 regni
1308 2322 1395 2407 regis
1420 2322 1578 2388 Edwardi
1598 2322 1692 2388 tercii
1715 2325 1790 2405 post
1805 2343 1882 2388 con·

581 2428 736 2509 que'stum
762 2424 955 2492 duodecimo
985 2425 1072 2510 quod
1103 2427 1276 2492 lohannes
1307 2426 1339 2492 16
1370 2425 1528 2509 Harpour
1552 2425 1641 2491 filius
1665 2424 1822 2493 Willelmi
1852 2425 1894 2515 le¹

581 2530 738 2614 Harpour
753 2529 794 2595 ds
816 2529 992 2610 Horsqeth'
1017 2530 1174 2598 inventus
1197 2531 1262 2596 luit
1284 2533 1449 2596 mortuus.
1494 2529 1541 2596 Et
1565 2530 1723 2597 Johanna
1738 2551 1802 2614 que
1819 2529 1885 2597 fuit

581 2633 817 2718 uxorpredieti
840 2633 1004 2700 ‚Iohannis
1026 2635 1135 2719 primo
1158 2635 1286 2701 invenit
1309 2655 1396 2700 eum.
1443 2633 1547 2718 Plegii
1562 2634 1711 2718 ejusdem
1728 2633 1883 2700 Johanne

496 2821 501 2828 Ι
581 2738 765 2804 Willelrnus
787 2737 818 2804 le
840 2739 998 2823 Harpour
1020 2743 1054 2804 et
1077 2739 1183 2805 Adam
1207 2739 1237 2805 le
1259 2739 1404 2806 Walshe.
1450 2739 1496 2804 Et
1518 2737 1619 2822 super'
1632 2738 1695 2804 hoc
1711 2737 1884 2804 lohannes

582 2843 739 2910 Fila-lon
755 2847 928 2910 coronator
955 2843 1081 2910 domini
1105 2843 1193 2928 regis
1219 2843 1254 2909 in
1270 2844 1432 2911 comitatu
1451 2844 1547 2911 (1661Ι
1572 2843 1745 2910 mandavit
1761 2843 1883 2909 ballivo

582 2947 748 3016 hundredi
768 2948 808 3014 de
824 2949 920 3016 chill’
945 2949 1032 3033 quod
1048 2949 1161 3016 venire
1177 2949 1278 3016 faciat
1294 2971 1405 3016 eoram
1428 2949 1557 3034 prelato
1573 2952 1766 3016 coronatore
1790 2947 1881 3032 apud

502 3073 505 3080 ·
523 3053 538 3116 ,'
583 3052 761 3118 Hcrszeth’
779 3052 832 3118 die
847 3053 1005 3119 Mercurii
1021 3055 1112 3137 prox’
1130 3053 1282 3138 sequenti
1305 3073 1420 3120 ornnes
1435 3053 1536 3119 libere
1551 3055 1703 3119 tenentes
1719 3073 1880 3119 unacum

584 3159 726 3241 quatuor
753 3161 785 3223 et
809 3159 976 3242 preposito
1003 3158 1043 3224 de
1067 3163 1210 3243 quatuor
1232 3158 1355 3225 villatis
1375 3157 1666 3243 propinquioribus
1690 3158 1730 3224 dc
1750 3157 1884 3224 ballivis
2000 3151 2004 3158 “

584 3283 646 3328 sua
661 3261 703 3327 ad
719 3262 907 3328 faciendum
922 3263 957 3328 id
979 3263 1066 3348 quod
1081 3285 1120 3329 en
1141 3265 1236 3348 parte
1257 3263 1384 3328 domini
1404 3263 1500 3347 regis,
1517 3267 1578 3328 eto.
1623 3261 1674 3328 Ad
1690 3283 1788 3347 quem
1811 3283 1883 3346 pre-

586 3367 711 3432 dictum
736 3366 825 3432 diem
849 3366 1006 3432 Mercurii
1032 3367 1202 3452 predictus
1233 3371 1408 3434 coronator
1432 3367 1524 3434 venit
1547 3367 1670 3433 ibidem
1702 3370 1736 3432 61
1766 3366 1885 3432 habuit

585 3469 695 3534 visum
710 3471 855 3554 eorporis
878 3470 1018 3555 predicti
1040 3471 1206 3538 lobannis
1226 3471 1256 3536 16
1272 3473 1441 3556 Harpour.
1487 3471 1534 3537 Et
1553 3472 1721 3556 predictus
1741 3470 1885 3536 ballivus

586 3573 664 3640 fecit
688 3577 864 3640 returnum
889 3595 999 3654 suum,
1020 3579 1082 3642 616.
1127 3576 1174 3641 Et
1193 3579 1336 3659 quatuor
1356 3577 1469 3642 villate
1493 3576 1745 3661 propinquiores
1761 3574 1885 3641 seilicet

586 3679 751 3763 Oaumpes
766 3680 900 3764 Magna,
919 3679 1176 3765 Sudeeaumpes,
1193 3681 1380 3747 Berkelowe
1396 3686 1429 3748 et
1445 3681 1611 3767 Wykham
1627 3701 1695 3746 non
1711 3683 1884 3746 venerunt.

586 3784 665 3850 Ideo
680 3783 745 3868 ipsi
759 3785 767 3822 ¹
785 3783 820 3848 in
836 3785 1071 3863 misericordia,
1093 3788 1155 3852 etc.
1201 3786 1248 3851 ut
1264 3786 1365 3852 libere
1381 3789 1533 3852 tenentes
1549 3785 1698 3852 videlicet
1715 3785 1735 3850 J
1736 3785 1885 3850 ohannes

586 3887 626 3952 de
638 3889 827 3966 Olmested’,
838 3888 980 3954 Michael
990 3889 1029 3955 de
1038 3889 1236 3969 Berhelowe,
1249 3891 1433 3958 Willeimus
1444 3891 1604 3968 Bernard‚
1618 3891 1737 3955 Petrus
1748 3888 1787 3954 de
1800 3889 1883 3953 Pen-

587 3992 663 4070 feld,
675 3993 840 4058 liebertus
855 3993 886 4058 16
902 3993 1008 4072 Clerk,
1026 3993 1215 4062 Semannus
1233 3995 1360 4080 Squier,
1371 3996 1555 4064 Willelmus
1566 3994 1781 4072 Underwode,
1791 3993 1881 4062 Will-

587 4099 693 4164 clmus
715 4098 885 4177 Hamond‚
902 4099 1063 4164 Ricardus
1079 4099 1119 4165 de
1136 4101 1301 4184 Olopton',
1318 4101 1483 4166 Rcbertus
1499 4099 1539 4165 de
1555 4099 1739 4177 Loundres,
1756 4099 1838 4164 Ed's
1854 4098 1884 4162 16

589 4201 719 4285 Smyth,
737 4199 924 4276 Semannus
940 4201 1241 4280 Moke,Willelmus
1258 4203 1375 4287 Tingy,
1386 4204 1549 4270 Rcbertus
1567 4203 1689 4287 Sabyn,
1700 4201 1887 4268 Willelmus

588 4304 761 4388 Godelrey,
779 4304 923 4370 Thomas
947 4305 977 4370 16
1003 4305 1103 4384 hurd,
1120 4307 1287 4400 Walterus
1302 4307 1332 4372 16
1350 4307 1480 4391 Smyth,
1496 4307 1658 4372 Rieardus
1676 4305 1765 4371 filius
1789 4305 1884 4388 Regi·

586 4409 689 4486 haldi,
705 4409 850 4475 Thomas
872 4409 903 4474 le
919 4408 1064 4476 Taillour
1079 4413 1113 4476 et
1135 4411 1235 4494 Hugo
1251 4410 1355 4495 Oolyn
1375 4433 1442 4477 non
1459 4413 1630 4477 venerunt.
1676 4410 1755 4475 Ideo
1770 4409 1834 4492 ipsi
1849 4410 1885 4474 in

481 4541 483 4547 ·
586 4513 822 4580 misericordia.
878 4515 924 4580 Et
956 4519 1147 4599 preceptum
1172 4517 1236 4582 fuit
1266 4517 1386 4582 ballivo
1416 4517 1563 4601 predicto
1593 4515 1680 4600 quod
1707 4515 1885 4597 distringat

586 4617 752 4701 predictas
767 4618 898 4684 villatas
921 4621 954 4684 et
976 4619 1128 4686 similiter
1143 4642 1259 4686 omnes
1275 4622 1375 4687 libere
1399 4625 1549 4688 tenentos
1572 4643 1631 4705 per
1647 4641 1761 4686 omnes
1778 4623 1884 4684 terras

586 4725 620 4786 61
650 4722 779 4799 6616116,
811 4727 872 4788 616.
904 4723 952 4789 116
982 4724 1069 4807 quod
1107 4725 1245 4792 haberet
1283 4747 1420 4811 corpora
1458 4748 1573 4793 eorum
1604 4746 1715 4792 coram
1753 4723 1884 4826 prelato

1192 4958 1198 4985 ¹
1219 4956 1272 5008 su.
