4302 5734
1030 565 1238 622 CORONERS’
1262 566 1394 622 ROLLS.

1028 939 1390 1039 [maroniano]

709 1155 946 1210 CORONATOR'
969 1155 1094 1210 BURGI
1117 1155 1168 1208 ΕΤ
1190 1155 1422 1212 LIBERTA'I'IS
1447 1157 1500 1211 DE
1526 1158 1712 1214 DEVYSES.

630 1423 809 1507 Inquieioio
825 1425 922 1506 capta
938 1421 1027 1507 apud
1050 1422 1196 1507 Devyaee
1219 1422 1259 1488 de
1282 1425 1389 1489 morte
1412 1423 1575 1508 Margerie
1602 1423 1735 1490 Sadeler
1763 1443 1862 1508 anper

564 1527 637 1594 visu
653 1527 798 1612 eorporis
814 1527 885 1611 ejus
904 1548 1016 1593 eoram
1039 1527 1184 1592 Waltero
1206 1527 1322 1594 Porter
1345 1532 1538 1594 coronatore
1561 1529 1689 1593 domini
1715 1528 1802 1611 regia
1826 1528 1862 1592 in

564 1633 725 1698 comitatu
740 1632 863 1699 Wiltee’
879 1632 968 1697 inire
982 1631 1169 1696 libertatem
1186 1631 1225 1698 de
1242 1632 1389 1716 Devysee
1412 1633 1464 1698 die
1487 1633 1664 1698 Dominioa
1679 1635 1770 1716 prox'
1787 1635 1862 1716 poet

565 1737 688 1803 laetum
707 1736 821 1804 Sancti
836 1734 951 1801 Jacobi
966 1735 1114 1819 Apostoli
1129 1756 1218 1800 enno
1241 1736 1335 1817 regni
1358 1737 1445 1820 regie
1467 1737 1601 1802 Rioardi
1626 1738 1764 1802 secundi
1787 1739 1862 1820 poet

566 1843 783 1925 conquestum
808 1839 949 1924 septimo
971 1860 1029 1924 per
1053 1843 1311 1905 sacramentum.
1337 1889 1345 1907 .
1370 1843 1395 1906 ‚²
1431 1842 1495 1923 Qui
1513 1842 1579 1925 jur’
1597 1841 1714 1907 dieunt
1736 1862 1794 1925 per
1810 1863 1862 1907 aa·

566 1948 775 2010 aramentum
798 1964 897 2008 auum
924 1944 1011 2028 quod
1035 1943 1154 2009 aooidit
1170 1943 1258 2028 apud
1274 1945 1420 2029 Devyaoa
1436 1945 1488 2011 die
1504 1945 1641 2012 Veneria
1668 1947 1759 2029 prox’
1785 1948 1864 2010 anta

567 2051 689 2116 testum
706 2048 821 2117 Sancti
837 2048 951 2114 Jaoobi
966 2049 1114 2132 Apostoli
1137 2069 1225 2114 anno
1248 2050 1438 2133 supradicto
1461 2050 1548 2116 eirea
1571 2050 1690 2116 horam
1713 2049 1864 2133 ignitegii

567 2153 654 2236 quod
670 2151 818 2237 predicta
833 2151 999 2235 Margaria
1015 2151 1105 2218 venit
1128 2153 1295 2218 transiens
1318 2175 1376 2236 per
1400 2153 1566 2237 quodam³
1588 2154 1753 2218 fossatum
1769 2173 1863 2218 voca·

567 2262 640 2324 tum
656 2257 938 2341 Denyngeedyehe
954 2257 1089 2340 plenum
1106 2276 1189 2340 aque
1205 2261 1238 2322 et
1253 2257 1368 2323 morbo
1384 2258 1507 2324 oaduoo
1531 2257 1595 2323 eibi
1618 2257 1727 2324 subito
1751 2277 1863 2340 euper-

566 2361 719 2428 veniente
734 2381 792 2444 per
807 2359 1029 2426 intortunium
1045 2359 1161 2426 cecidit
1177 2359 1213 2425 in
1235 2360 1420 2444 predictum
1437 2361 1600 2426 fossatum
1616 2361 1652 2425 in
1668 2382 1732 2444 quo
1748 2361 1863 2426 stetim

567 2467 740 2533 submersa
755 2465 830 2530 fuit.
876 2464 1009 2530 Primus
1030 2464 1182 2532 inventor
1205 2465 1276 2549 ejus
1300 2467 1471 2532 lohannes
1493 2467 1670 2550 Shephurd
1693 2466 1864 2532 huteeium

566 2572 712 2650 levavit,⁴
724 2569 851 2636 invenit
863 2569 986 2654 plegios
996 2570 1145 2637 videlieet
1161 2571 1350 2636 iohannem
1365 2571 1519 2656 Lupyaat
1531 2575 1564 2638 et
1580 2571 1769 2638 iohannem
1781 2570 1864 2656 Ody.

791 2787 812 2852 J
813 2786 962 2852 ohannes
977 2787 1125 2870 Peyntur

757 2799 958 3176 {Heminae
973 2890 1095 2957 Webbe
1181 2937 1375 3023 manucapti
1389 2959 1448 3024 per
1464 2938 1614 3005 villatam
1630 2937 1670 3004 de
1686 2938 1844 3022 [ωηερε.

656 2942 765 3010 Vicim
791 2995 975 3060 Willelmue
996 2995 1154 3061 Londone

792 3101 975 3168 Willelmue
991 3101 1155 3185 Coryntre

945 3473 1488 3576 [woaonsrnaanranr]

635 3821 814 3905 Inquieioio
830 3823 928 3906 cepte
937 3820 989 3886 die
1004 3820 1100 3886 Lune
1116 3822 1206 3904 prox’
1223 3823 1298 3904 poet
1312 3820 1463 3886 oleuenm
1482 3820 1608 3887 Peaohe
1624 3821 1712 3905 apud
1728 3821 1868 3906 Powyke

568 3945 681 3990 eoram
696 3926 886 4009 supradicto
902 3925 1055 3992 Johanne
1070 3925 1270 3991 Bradewella
1285 3946 1374 3991 anno
1390 3924 1460 4008 xiij⁰
1476 3925 1664 4009 supradicto
1681 3946 1779 4009 anper
1794 3927 1869 3992 viau

569 4029 714 4114 eorporis
730 4029 868 4097 Walteri
888 4031 1014 4096 lennes
1036 4051 1094 4114 per
1117 4032 1365 4096 sacramentum
1390 4077 1398 4094 .
1423 4079 1431 4094 .
1457 4032 1479 4094 ‚⁶
1501 4030 1542 4094 de
1558 4027 1680 4096 villatis
1695 4029 1736 4094 de
1753 4029 1868 4096 villata

570 4135 610 4200 de
626 4135 765 4219 Powyke
787 4134 945 4219 predicta,
964 4135 1146 4220 Clyvalode,
1163 4135 1386 4202 Wordeaielde
1402 4138 1435 4201 et
1452 4135 1618 4200 Newlond.
1664 4134 1728 4216 Qui
1750 4133 1868 4200 dicunt

568 4259 627 4322 per
644 4242 891 4304 sacramentum
907 4260 1006 4304 auum
1022 4238 1108 4322 quod
1124 4238 1177 4303 die
1195 4238 1332 4306 Sabbati
1354 4238 1389 4303 in
1415 4238 1603 4322 septimana
1628 4238 1754 4305 Paeohe
1778 4259 1868 4304 anno

404 4329 499 4410 ltili.
570 4343 664 4426 regni
693 4342 780 4426 regia
807 4343 942 4408 Rioardi
972 4342 1109 4408 eeoundi
1138 4347 1213 4426 poet
1244 4347 1461 4426 conquestum
1492 4343 1563 4427 xiij⁰
1589 4345 1752 4409 venerunt
1778 4343 1868 4426 apud

570 4447 709 4533 Powyke
727 4448 852 4531 Symon
867 4446 954 4512 Halo
965 4445 1079 4530 junior
1102 4448 1135 4512 et
1157 4444 1320 4512 Rioardue
1342 4447 1446 4513 frater
1469 4446 1541 4530 ejus
1564 4450 1597 4512 et
1621 4445 1744 4512 ibidem
1765 4446 1867 4513 inter-

551 4646 553 4652 ,
605 4600 611 4630 ¹
630 4598 690 4649 Roll
713 4600 770 4657 aot,
793 4613 843 4649 one
865 4597 943 4648 emell
965 4597 1125 4656 membrana,
1142 4597 1191 4650 6-7
1243 4596 1376 4660 bytwelve
1387 4597 1482 4661 jurare.
1494 4596 1626 4662 generally
1638 4599 1665 4648 ot
1676 4599 1735 4647 tour
1750 4612 1779 4648 or
1796 4597 1870 4647 three

569 4663 646 4714 Rich,
668 4665 712 4722 ΙῙ.,
735 4664 886 4727 containing
914 4664 988 4714 three
1018 4664 1135 4726 inqueela
1158 4663 1193 4728 by
1245 4663 1304 4713 ville
1316 4664 1355 4728 (in
1367 4679 1416 4714 one
1433 4679 1493 4714 oeae
1509 4681 1544 4714 no
1561 4664 1621 4714 ville
1639 4679 1683 4713 ere
1699 4663 1868 4728 mentioned).

569 4731 661 4781 twelve
672 4745 733 4780 men
745 4733 773 4780 ot
784 4730 901 4780 Devizee.
1244 4729 1451 4780 Enderaement:
1475 4736 1508 4793 ‘p
1526 4730 1604 4780 rotul'
1627 4729 1686 4779 Joh¹
1710 4729 1868 4779 Bredewelle

604 4797 836 4846 ²Twelvenemes.
871 4795 946 4846 'Sta
980 4795 1124 4845 *Matar
1137 4795 1194 4845 lev'.
1244 4795 1322 4844 unius
1350 4800 1532 4846 coronatorum
1561 4795 1660 4847 domini
1700 4795 1767 4858 regie
1801 4797 1868 4846 eom'

604 4863 614 4891 ⁸
630 4863 690 4912 Roll
702 4863 759 4921 206,
771 4867 822 4912 two
838 4861 1010 4919 membraneo,
1025 4863 1106 4910 iri-18
1118 4861 1193 4911 Rich.
1245 4862 1386 4924 Wygorn’.’

570 4927 622 4988 11.;
641 4929 713 4991 eight
729 4929 848 4990 inqueste
864 4929 950 4978 belore
968 4925 1037 4978 John
1058 4926 1185 4978 Bredwell
1278 4931 1288 4957 ⁰
1305 4927 1405 4978 Twelve
1417 4942 1516 4980 nemea.
1650 4930 1659 4958 ⁷
1676 4925 1732 4978 MS.
1744 4929 1802 4978 arr.
