4302 5734
1044 569 1253 626 CORONERS'
1279 569 1401 626 ROLLS

1032 1001 1405 1102 [66666666]

397 1223 483 1262 Mem
573 1219 697 1276 Adhuc
715 1219 757 1276 de
775 1219 951 1276 indictatie
974 1233 1088 1275 ocrem
1110 1219 1243 1287 prefato
1267 1218 1414 1274 Ricardo
1438 1219 1481 1274 de
1509 1219 1646 1273 Hotone
1673 1221 1874 1274 coronatore

397 1297 498 1346 31611·
987 1304 1024 1358 16
1043 1304 1183 1359 Northr’
1203 1303 1353 1358 (166666
1370 1301 1469 1370 xxijv.

398 1460 466 1501 aare
640 1435 807 1502 Henricue
818 1435 907 1501 filius
922 1437 1061 1502 Henrici
1079 1437 1261 1520 Sampsone
1277 1435 1458 1501 indictatue
1471 1455 1583 1500 eoram
1595 1435 1723 1519 prefato
1735 1455 1873 1500 corona·

573 1544 645 1608 tore
676 1542 716 1607 (16
746 1545 854 1608 morte
876 1541 1031 1609 Willelmi
1055 1541 1116 1606 filii
1137 1541 1273 1608 Roberti
1296 1541 1428 1624 Tighler
1444 1541 1484 1605 de
1501 1541 1617 1606 Cawod
1643 1541 1695 1606 die
1722 1541 1814 1606 Jovis
1837 1541 1873 1604 in

573 1647 686 1730 vigilia
703 1647 817 1715 Sancti
833 1647 949 1713 iacobi
964 1646 1114 1730 Apostoli
1134 1666 1223 1712 anno
1238 1646 1314 1730 xxij.
1332 1646 1420 1730 apud
1436 1646 1619 1730 Appeltone
1635 1645 1875 1728 Fauccnbergg

399 1767 550 1810 amana»
574 1752 711 1819 felonice
726 1751 902 1819 interfecti.
948 1750 1077 1818 Gatalla
1092 1751 1163 1835 ejus
1178 1750 1281 1817 nulla.

399 2176 477 2228 euru·
640 2165 748 2232 Adam
764 2164 852 2231 filius
868 2164 988 2249 Rogeri
999 2166 1040 2232 de
1055 2165 1247 2250 Draghtone
1262 2163 1444 2232 indietatue
1460 2185 1571 2232 coram
1588 2165 1716 2250 prelato
1732 2185 1868 2231 corona-

574 2274 645 2337 tore
661 2271 701 2337 de
717 2273 823 2336 morte
839 2269 1004 2336 iohannis
1020 2270 1079 2334 filii
1094 2269 1230 2336 Roberti
1246 2270 1286 2335 (16
1308 2269 1503 2352 Draghtone
1525 2269 1578 2335 die
1602 2269 1758 2334 Mercurii
1780 2271 1872 2354 prox’

574 2378 649 2460 poet
680 2375 803 2441 festum
836 2373 951 2441 Sancti
981 2374 1072 2440 Petri
1102 2373 1286 2440 Advinoula
1317 2394 1406 2439 anno
1436 2373 1513 2457 xxij.
1552 2374 1641 2458 apud
1677 2374 1874 2458 Draghtcne

399 2495 551 2538 carcianum
576 2477 713 2546 felonice
728 2477 905 2545 interfecti.
952 2477 1081 2546 Catella
1096 2477 1168 2562 ejus
1183 2477 1286 2544 nulla.

400 2825 450 2874 0⁸?
641 2815 825 2884 Wilfelmue
856 2815 896 2880 de
926 2813 1037 2900 Derby
1063 2816 1208 2884 carnifex
1233 2836 1339 2901 nuper
1365 2815 1475 2900 garcio
1505 2815 1640 2882 Roberti
1671 2815 1711 2883 de
1741 2817 1875 2901 Byrone

576 2920 728 3003 magistri
752 2921 916 2986 scolarum
940 2920 979 2986 (16
1000 2921 1173 2987 Farburne
1192 2921 1289 3006 juxta
1311 2921 1532 2986 Brothertone
1556 2919 1738 2987 indictatue
1761 2943 1874 2987 coram

575 3026 704 3110 prefato
728 3029 921 3090 coronatore
945 3025 985 3090 de
1009 3029 1116 3091 morte
1139 3026 1273 3091 Ricardi
1296 3027 1375 3092 Ewe
1396 3024 1437 3090 de
1454 3025 1709 3109 Darthyngtone
1732 3027 1784 3092 die
1807 3027 1874 3092 Do·

575 3128 699 3194 6616166
728 3127 764 3193 16
795 3129 879 3194 16616
911 3129 1032 3196 Sancte
1062 3130 1249 3212 Margarete
1279 3150 1369 3197 anno
1398 3127 1474 3212 xxij.
1505 3129 1594 3214 apud
1617 3130 1874 3216 Darthyngtone

400 3243 552 3284 0⁸2⁸1¹n¹1¹¹¹⁵
576 3231 714 3299 felonice
729 3231 905 3299 interfecti.
951 3232 1080 3300 Gatalla
1095 3233 1199 3300 nulla.

399 3468 504 3510 neena·
641 3465 812 3533 Galfridus
836 3465 965 3550 Danyel
989 3464 1171 3531 indictatua
1195 3486 1307 3532 coram
1333 3466 1462 3550 prefato
1486 3469 1679 3532 coronatore
1706 3467 1746 3533 de
1767 3471 1874 3532 morte

573 3569 710 3636 Roberti
725 3570 765 3636 (16
783 3569 910 3654 Skyren
926 3569 978 3634 die
994 3567 1170 3634 Dominica
1184 3570 1275 3652 prox'
1286 3573 1360 3652 post
1376 3571 1498 3635 festum
1516 3571 1631 3638 Sancti
1646 3571 1874 3637 Bartholomei

397 3694 549 3735 666666
573 3674 723 3760 Apostoli
745 3695 834 3742 anno
857 3673 933 3758 xxij.
950 3673 1039 3758 apud
1065 3671 1242 3757 Besewylre
1265 3673 1401 3740 felonice
1424 3673 1601 3740 interfecti.
1649 3676 1778 3742 Catella
1802 3676 1873 3759 ejus

573 3779 677 3844 nulla.

398 4017 500 4058 Herthffl'
641 4005 662 4071 J
663 4004 812 4072 ohannes
828 4004 916 4070 filius
935 4002 1096 4089 Stephani
1111 4004 1345 4071 molendinarii
1360 4005 1401 4071 de
1421 4007 1547 4074 Ettcne
1563 4005 1744 4074 indictatue
1760 4027 1873 4072 coram

573 4109 702 4193 prefato
725 4113 918 4174 coronatore
941 4107 981 4173 (16
1004 4113 1111 4174 morte
1126 4108 1282 4174 Willelmi
1304 4109 1365 4174 filii
1388 4109 1512 4175 Tharne
1531 4111 1670 4195 Smythe
1688 4109 1729 4176 (16
1747 4111 1873 4176 Ettone

573 4211 626 4277 die
641 4211 817 4278 Dominica
840 4212 930 4296 prox’
954 4214 1028 4295 poet
1052 4211 1174 4277 festum
1196 4212 1434 4278 Decollacionia
1459 4213 1574 4280 Sancti
1596 4214 1761 4281 iohannis
1784 4215 1872 4298 Bap-

572 4316 651 4383 11616
675 4337 763 4384 6666
786 4317 862 4401 xxij.
886 4315 975 4402 apud
998 4315 1232 4400 Raventhorpe
1255 4316 1392 4384 felonice
1415 4317 1592 4384 interfecti.
1649 4319 1778 4386 Catella
1801 4319 1873 4402 ejue

398 4434 549 4476 66666666
572 4421 675 4487 nulla,

625 4749 785 4808 111611213,
807 4751 850 4799 ten
879 4745 1050 4806 membranee.
1075 4747 1156 4797 18-22
1180 4745 1252 4798 Edw.
1269 4746 1327 4808 111..
1348 4747 1500 4812 containing
1525 4749 1693 4801 indictmente
1717 4751 1805 4802 before
1828 4751 1875 4803 the

574 4829 689 4867 coroner.
