4372 5724
1136 579 1341 672 CORONERS'
1366 579 1497 636 ROLLS.

740 1197 884 1264 Auwisia
909 1219 990 1264 uxor
1014 1197 1166 1265 Nioholai
1192 1199 1232 1265 da
1255 1199 1380 1284 Coupol
1402 1199 1493 1266 venit
1517 1198 1560 1266 ad
1590 1197 1786 1266 comitatum
1808 1195 1888 1264 Bcd'
1912 1195 1965 1261 die

528 1273 564 1353 ‘¹2'
673 1303 769 1369 Lune
783 1302 933 1387 proxima
947 1307 1022 1388 post
1037 1303 1160 1368 festum
1177 1304 1211 1371 S.
1227 1303 1404 1370 Laurenoii
1419 1325 1508 1371 anno
1530 1303 1624 1388 regni
1644 1303 1730 1387 regis
1745 1303 1814 1388 lujto
1828 1305 1861 1368 et
1877 1300 1964 1386 apel-

672 1408 754 1474 lavit
776 1408 956 1474 Robertum
979 1407 1149 1474 hominem
1173 1409 1321 1476 celerarii
1336 1409 1376 1474 de
1396 1409 1549 1475 Neuham
1572 1411 1606 1475 et
1627 1407 1811 1474 Henricum
1827 1409 1966 1473 fratrem

673 1515 744 1598 ejus
759 1513 800 1578 de
815 1533 895 1597 pace
918 1514 1024 1578 fracta
1047 1515 1097 1579 set
1120 1534 1187 1579 non
1211 1511 1429 1602 [elocutum]¹
1456 1513 1600 1598 apellum
1623 1512 1779 1579 formavit
1800 1533 1862 1578 nec
1884 1509 1966 1576 dixit

673 1622 723 1685 set
746 1621 859 1684 tamen
882 1617 1009 1683 invenit
1031 1617 1156 1703 plegios
1178 1616 1218 1685 de
1241 1619 1468 1703 prosequendo
1490 1618 1673 1685 Robertum
1692 1618 1732 1684 de
1746 1616 1916 1682 Blunham
1932 1617 1966 1681 et

673 1723 861 1794 Galiridum
877 1723 1042 1791 cosentia.

739 1830 824 1895 Item
847 1829 889 1894 ad
912 1827 1107 1895 comitatum
1131 1828 1211 1895 Bed‘
1228 1828 1281 1894 die
1299 1829 1395 1894 hune
1410 1831 1489 1896 ante
1503 1827 1623 1895 Natale
1638 1829 1741 1895 Beate
1756 1825 1861 1894 Mario
1877 1845 1966 1893 anuo

561 1924 564 1932 ⁴
672 1933 755 2017 l⁰vj⁰⁰
769 1932 940 1999 Hauwisia
955 1933 1046 2000 venit
1061 1937 1094 1999 et
1116 1933 1285 2018 sequitur¹
1307 1953 1424 2000 versus
1446 1954 1511 2000 eos.
1557 1933 1721 2000 Robertus
1744 1935 1777 1998 ct
1799 1930 1965 1998 Henricus

673 2039 782 2124 primo
797 2037 992 2121 interrogati
1007 2059 1074 2104 non
1089 2042 1262 2104 venerunt.

740 2142 827 2208 Item
851 2141 893 2207 ad
917 2142 1112 2208 comitatum
1136 2142 1215 2208 Bed’
1239 2141 1291 2208 dic
1315 2141 1410 2208 Lune
1436 2140 1587 2226 proxima
1608 2144 1683 2226 post
1707 2141 1829 2208 festum
1850 2138 1965 2207 Sancti

673 2245 845 2312 Michaelis
867 2246 1048 2331 Hauwysia
1070 2268 1151 2312 uxor
1174 2247 1323 2313 Nicholai
1346 2247 1386 2312 de
1409 2247 1534 2331 Conpol
1552 2246 1749 2312 multociens
1764 2250 1881 2312 vocata
1896 2266 1965 2311 non

673 2350 764 2417 'venit
772 2348 835 2416 ¹nec
851 2351 999 2435 sequitur
1010 2373 1124 2417 versus
1136 2351 1318 2418 Robertum
1334 2373 1394 2418 nec
1406 2351 1602 2418 Henricum.
1640 2353 1719 2419 Ideo
1729 2373 1789 2437 per
1800 2349 1965 2436 judicium

672 2455 850 2523 comitatus
865 2455 1005 2523 cessavit
1020 2459 1176 2543 apellum.

1043 3081 1301 3138 HUNDBEDUM
1325 3081 1379 3137 DE
1405 3082 1599 3138 STOTDEN'.
1694 3097 1695 3100 ’

741 3283 751 3302 .
773 3283 784 3302 .
809 3284 818 3301 .
842 3235 1023 3320 Inquisioio
1046 3237 1134 3302 lacta
1157 3257 1268 3303 coram
1284 3235 1461 3320 Radulpho
1477 3237 1517 3304 de
1533 3235 1757 3320 Goudington'
1774 3242 1965 3304 coronatore

524 3294 596 3407 iiii?
609 3315 626 3396 ·'·'
673 3361 731 3427 per
750 3341 826 3425 iiij⁰=
841 3340 907 3406 vill’
931 3341 1192 3426 propinquiores,
1216 3341 1404 3425 Knotting’‚
1427 3341 1512 3420 Rist,
1532 3341 1770 3420 Melcheburn’,
1784 3342 1964 3422 Yivelden',

674 3445 776 3523 Denc,
788 3465 850 3528 que
862 3444 976 3510 dicunt
988 3466 1047 3529 per
1059 3449 1303 3511 sacramentum
1315 3466 1413 3510 suum
1426 3446 1514 3530 quod
1529 3447 1673 3512 Thomas
1685 3446 1786 3531 Sayly
1798 3445 1838 3512 de
1847 3447 1921 3513 Rist
1931 3451 1964 3513 et

674 3549 781 3616 Elcna
792 3550 922 3616 Seward
942 3549 982 3614 de
998 3549 1222 3615 Melcheburn'
1235 3550 1354 3615 melius
1370 3549 1479 3616 sciunt
1492 3551 1664 3618 veritatem
1680 3550 1769 3616 illius
1784 3550 1965 3617 occasionis

669 3661 774 3738 'quam
791 3653 893 3736 aliqui
909 3653 965 3718 alii
981 3656 1014 3719 et
1031 3653 1117 3738 quod
1134 3653 1206 3719 sine
1220 3653 1286 3719 illis
1301 3654 1429 3720 nullam
1445 3655 1619 3721 veritatem
1635 3654 1799 3738 inquirere
1814 3659 1965 3739 possunt.

673 3757 782 3824 Elena
806 3757 935 3824 Seward
958 3757 1050 3823 venit
1080 3778 1192 3824 coram
1215 3761 1408 3824 coronatore
1439 3762 1473 3825 et
1495 3758 1621 3825 invenit
1644 3759 1768 3844 plegios
1789 3759 1966 3825 veniendi⁸

673 3883 784 3928 coram
796 3861 989 3946 justiciariis
1001 3861 1188 3928 Johannem
1201 3863 1428 3929 Forestarium
1444 3863 1484 3930 de
1500 3863 1735 3940 Melcheburn’,
1752 3863 1965 3930 Ambrosium

673 3965 900 4031 Forestarium
916 3965 955 4032 de
972 3965 1097 4044 eadem,
1114 3965 1221 4032 David
1239 3965 1391 4033 Sutorem
1409 3967 1449 4034 de
1472 3968 1598 4046 eadem,
1614 3969 1816 4034 Willclmum
1833 3969 1965 4036 seward

673 4073 714 4137 de
729 4071 854 4136 eadem.
900 4071 999 4136 Nulla
1013 4071 1248 4154 Englescheria
1263 4076 1465 4156 presentata.
1511 4074 1631 4140 Postea
1652 4075 1880 4158 presentatum
1901 4075 1965 4140 fuit

672 4197 731 4260 per
747 4175 852 4242 dictas
867 4175 998 4241 villatas
1013 4177 1100 4260 quod
1117 4176 1261 4243 Thomas
1279 4177 1379 4262 Saly⁴
1395 4199 1455 4244 nec
1476 4177 1583 4244 Elone
1600 4177 1730 4244 Souard
1745 4198 1813 4243 non
1829 4178 1964 4245 luerunt

673 4280 863 4365 culpabiles,
880 4283 930 4346 set
953 4282 1067 4346 tamen
1083 4279 1170 4346 idem
1187 4281 1332 4346 Thomas
1354 4281 1482 4348 invenit
1500 4280 1624 4367 plegios
1639 4281 1841 4348 Willelmum
1857 4281 1963 4346 filium

672 4383 851 4450 Laurencii
867 4384 906 4450 ds
922 4383 1006 4462 Rist,
1024 4385 1204 4469 Symonem
1220 4385 1260 4450 de
1276 4386 1455 4470 Pertissoyl
1471 4386 1652 4453 decadem.
1690 4383 1736 4452 ut
1748 4386 1864 4452 dicunt
1875 4387 1963 4472 quod

666 4489 777 4574 'ignoti
794 4489 928 4555 fuerunt
945 4489 1067 4556 felones
1083 4489 1140 4574 qui
1155 4489 1262 4574 ipsam
1277 4489 1478 4558 occiderunt.

705 4793 968 4857 ·Awordillegible;
986 4753 1234 4846 rtrooarus'sac.
1342 4797 1424 4849 rus.
1441 4792 1461 4848 t.
1577 4801 1736 4855 msam.
1849 4803 1929 4856 *sa
