4326 5722
607 565 631 640 4
1080 581 1286 638 concussa·
1311 582 1442 639 nonna.

605 759 645 822 ut
661 757 795 841 patebat
810 757 843 823 et
863 755 898 822 in
914 753 1021 840 capite
1036 753 1095 838 iiij.
1111 755 1226 838 plagas
1241 775 1316 820 cum
1333 775 1402 820 una
1416 751 1537 821 hechia
1553 751 1641 837 apilr
1656 755 1694 818 ut
1709 753 1802 836 patet
1818 752 1851 816 et
1865 747 1901 814 in

607 861 719 947 gorgia
734 865 767 928 et
790 861 824 926 in
840 865 999 928 montona
1016 863 1049 927 et
1073 859 1109 926 iu
1133 859 1240 945 capite
1263 881 1367 945 usquo
1390 859 1433 926 ad
1453 860 1634 926 cerebrum.
1682 859 1804 926 Statim
1827 879 1900 942 pre·

607 965 696 1032 dicta
707 967 840 1048 Angues
855 965 976 1032 levavit
999 965 1184 1031 huttesium
1200 967 1233 1031 et
1249 965 1313 1032 fuit
1337 968 1561 1050 prosecutum,
1578 965 1611 1030 st
1635 963 1763 1030 invenit
1778 963 1903 1052 plegios

607 1070 788 1156 Unfridum
805 1071 927 1152 Quarel
943 1075 977 1137 et
992 1069 1156 1136 Thomam
1173 1070 1294 1152 Quarel
1310 1070 1349 1136 de
1366 1070 1482 1136 eadem
1496 1069 1667 1136 Bereford.

639 1161 642 1168 ⁴
672 1175 851 1260 Inquisieio
873 1177 962 1241 iacta
983 1195 1094 1241 coram
1119 1174 1152 1240 S.
1175 1173 1272 1240 Rullo
1295 1178 1488 1241 coronatore
1514 1193 1573 1258 per
1595 1172 1654 1257 iiij.
1673 1171 1741 1238 vill’
1766 1170 1901 1256 propin·

607 1280 747 1364 quiores,
770 1279 937 1357 Berelord,
960 1279 1180 1366 Roclresdeue,
1204 1278 1364 1357 Wildene,
1390 1278 1552 1357 Ronhale,
1575 1263 1642 1362 que
1669 1277 1785 1342 dicunt
1815 1275 1903 1359 quod

608 1385 776 1452 Gilbertus
791 1385 879 1450 filius
894 1384 1080 1466 Margarete
1095 1383 1213 1450 oceidit
1236 1383 1362 1450 dietum
1380 1383 1563 1449 Henrioum
1579 1386 1617 1448 ut
1639 1381 1825 1466 predictum
1841 1384 1902 1446 est.

608 1489 731 1554 Dicunt
747 1490 851 1555 eciam
871 1488 957 1573 quod
972 1489 1115 1554 habent¹
1142 1487 1385 1573 euspeocionem
1407 1509 1522 1554 versus
1545 1489 1721 1571 Hugonem
1739 1485 1904 1552 Gointerel

608 1599 641 1660 et
656 1595 841 1676 Angnetem
858 1593 1021 1660 Oointerel
1044 1595 1076 1658 et
1099 1594 1276 1674 Hugonem
1299 1593 1405 1658 filium
1428 1592 1514 1658 dicte
1536 1592 1698 1676 Angnetis
1714 1594 1746 1656 et
1762 1585 1902 1656 Alicia‘m

607 1699 731 1782 Wreng
759 1698 817 1783 qui
842 1703 1005 1764 venerunt
1039 1698 1075 1763 in
1105 1698 1202 1783 pleno
1233 1698 1394 1765 comitatu
1424 1701 1458 1764 et
1487 1697 1693 1764 liberantur²
1726 1697 1766 1763 G.
1805 1695 1903 1762 Rullo

607 1801 791 1869 vicecomiti
806 1802 849 1869 ad
868 1803 1056 1888 gayholam.

802 1942 964 2010 Unlridus
993 1941 1114 2024 Quarel
1151 1941 1279 2008 invenit
1312 1941 1437 2028 plegios
1467 1941 1631 2008 Thomam
1672 2023 1674 2026 Ι
1760 1949 1763 1956 ’

911 2047 1032 2128 Quorel
1048 2051 1081 2113 et
1096 2045 1299 2114 Willelmum
1316 2047 1441 2115 Culbel.
1780 2123 1784 2132 ¹

802 2151 882 2218 Milo
903 2151 944 2217 de
966 2152 1124 2217 Beresord
1147 2151 1275 2218 invenit
1299 2151 1424 2236 plegios
1440 2151 1631 2218 Johannsm
1773 2146 1778 2158 '

912 2256 952 2321 de
967 2255 1136 2322 Brutevile
1152 2259 1185 2322 et
1200 2256 1385 2322 Henrioum
1401 2255 1577 2323 Cointerel.
1679 2299 1728 2365 De
1744 2297 1905 2366 Bereford

801 2360 999 2445 Radulphus
1011 2361 1099 2426 filius
1111 2361 1265 2446 Hugonis
1276 2361 1405 2428 invenit
1414 2361 1539 2447 plegios
1551 2361 1630 2428 Wil-

911 2465 1048 2532 lelmum
1063 2466 1133 2532 Bus
1149 2471 1181 2532 et
1196 2466 1381 2532 Henrioum
1400 2467 1630 2532 Mercatorem.

801 2569 974 2636 Johannes
990 2571 1135 2637 Clericus
1150 2570 1277 2638 invenit
1295 2570 1420 2655 plegios
1441 2571 1462 2637 J
1463 2571 1631 2637 ohannem

915 2675 955 2741 de
971 2676 1161 2772 Bluenham
1177 2681 1210 2742 et
1227 2675 1417 2742 Gallridum
1432 2675 1586 2744 Malirbe.

674 2828 866 2896 Gilsbertus
881 2827 975 2895 nulla
989 2827 1109 2895 habuit
1124 2829 1256 2895 catalla.

674 2932 893 3018 Englecheria
922 2937 1113 3019 presentata
1149 2955 1207 3019 per
1236 2935 1416 3002 Ricardum
1446 2937 1584 3002 tratrem
1614 2957 1712 3002 suum
1743 2957 1781 3002 ex
1811 2935 1907 3019 parte

607 3040 717 3148 patris
728 3045 762 3106 et
776 3039 895 3106 matris
909 3041 943 3106 et
958 3038 1158 3106 Mauricium
1173 3041 1276 3108 Plane
1291 3041 1500 3108 auunculum
1515 3063 1554 3108 ex
1568 3045 1663 3126 parte
1678 3041 1795 3126 patrie.

625 2299 733 2368 Vicini

677 3247 824 3333 Contigit
839 3249 874 3314 in
890 3247 968 3315 villa
983 3247 1024 3315 de
1038 3248 1187 3315 Wildene
1203 3248 1255 3315 die
1265 3249 1422 3316 Mercurii
1433 3250 1523 3334 prox’
1535 3253 1613 3316 ante
1625 3251 1748 3316 festum
1762 3248 1908 3318 Simonis

611 3359 643 3421 et
659 3355 745 3421 lude
761 3375 850 3420 anno
865 3355 890 3419 l⁰
905 3353 991 3438 quod
1007 3355 1236 3430 malefactores
1247 3355 1377 3440 ingnoti
1389 3355 1603 3421 veneruntad
1616 3355 1752 3420 domum
1768 3353 1908 3421 Jordani

611 3461 651 3524 ‹le
666 3461 696 3524 le
712 3459 829 3525 Hulles
845 3458 885 3525 de
900 3459 1048 3525 Wildene
1064 3463 1097 3525 et
1113 3462 1282 3558 fregerunt
1303 3459 1428 3526 dictam
1451 3459 1597 3537 domum,
1615 3459 1723 3525 dictus
1739 3459 1908 3526 Jordanus

480 3592 506 3632 ¹.
608 3565 741 3630 absens.
786 3564 832 3629 Et
855 3563 934 3628 dicti
957 3563 1185 3630 malefactores
1208 3565 1451 3631 wlneraverunt
1467 3551 1654 3648 Angnetem
1676 3555 1812 3630 uxorem
1828 3563 1909 3628 dieti

441 4395 531 4464 marso

612 3669 760 3746 terdeni,
790 3673 825 3735 et
851 3669 1023 3734 Emnam³
1053 3669 1157 3734 filiam
1185 3691 1282 3735 suam
1305 3673 1394 3736 etate
1420 3670 1489 3758 viij.
1512 3691 1678 3736 annorum
1707 3669 1908 3735 oeciderunt.

612 3777 731 3841 Postea
746 3773 859 3840 onmia
874 3774 960 3838 bona
980 3773 1099 3839 domus
1120 3777 1387 3859 asportaverunt.
1433 3776 1480 3842 Et
1495 3773 1647 3842 vixerunt
1669 3795 1729 3860 per
1752 3773 1821 3858 viij.
1838 3773 1909 3839 dies

608 3883 646 3946 et
662 3883 741 3946 tunc
756 3879 921 3944 obierunt.

677 3983 855 4067 Inquisioio
880 3983 967 4048 facta
991 4004 1102 4048 coram
1130 3983 1163 4050 S.
1187 3983 1284 4050 nuno
1307 3988 1500 4051 coronatore
1525 4006 1583 4069 per
1608 3984 1668 4069 iiij.
1685 3983 1752 4052 vill’
1770 3982 1905 4068 propin·

614 4089 754 4174 quiores,
770 4089 929 4164 Wildene,
952 4089 1186 4166 Colmmorthe,
1212 4090 1447 4157 Ravenesdene
1467 4095 1500 4156 et
1524 4091 1692 4168 Bsrelord‚
1708 4111 1771 4174 que
1794 4089 1911 4154 dieunt

612 4194 699 4260 siout
714 4193 899 4278 predictum
915 4195 965 4259 est
980 4198 1013 4259 et
1029 4194 1115 4277 quod
1131 4195 1359 4262 malefactores
1374 4195 1504 4280 ingnoti
1519 4197 1666 4263 luerunt.

682 4402 828 4487 Contigit
843 4401 878 4466 in
895 4423 962 4467 uno
976 4401 1120 4468 homello
1135 4403 1192 4486 qui
1208 4353 1345 4470 vocatur
1360 4403 1499 4471 Divelho
1522 4405 1556 4470 in
1573 4405 1730 4490 parochia
1746 4405 1786 4472 de
1801 4405 1911 4471 Etone

607 4510 651 4575 ’in
678 4508 790 4592 vigilia
816 4508 849 4575 S.
866 4507 1031 4574 Johannis
1058 4507 1210 4592 Baptista
1235 4529 1324 4574 anno
1348 4509 1374 4573 l⁰
1388 4510 1475 4593 quod
1498 4559 1506 4575 .
1531 4558 1539 4574 .
1565 4557 1573 4576 .
1620 4511 1667 4575 Et
1693 4509 1770 4575 iude
1796 4515 1911 4594 postea

617 4619 755 4682 sanatus
782 4614 845 4680 luit
872 4615 905 4678 et
935 4633 994 4697 per
1019 4612 1120 4679 aliam
1145 4612 1377 4679 infirmitatem
1403 4635 1467 4698 que
1492 4618 1626 4681 vocatur
1653 4615 1761 4681 fluxus
1786 4615 1911 4682 ventris

813 4894 821 4922 ¹
841 4893 895 4944 MS.
909 4893 986 4944 lt'int.
1184 4895 1194 4924 ²
1211 4893 1265 4946 MS.
1278 4894 1332 4944 lib'.
1583 4897 1593 4924 ¹
1611 4893 1663 4946 stc.
