4372 5724
592 545 639 617 32
1057 561 1263 618 oosounas’
1288 562 1418 619 nouas,

408 740 532 798 sonuum
656 731 778 801 cecilia
793 753 873 799 uxor
888 731 1041 817 Hugonis
1057 733 1097 800 16
1112 732 1270 800 Η6166616
1284 731 1420 800 venitin
1432 732 1529 818 pleno
1544 732 1704 802 comitatu
1720 733 1773 800 116
1788 734 1884 800 Lune

590 840 681 922 prox'
696 841 772 923 post
788 839 909 904 festum
928 838 1043 906 Sancti
1065 837 1192 904 Mathis
1216 837 1364 922 Apostoli
1387 859 1477 905 anno
1501 838 1595 922 regni
1618 838 1704 923 regis
1728 838 1885 906 Edwardi

590 941 692 1009 tercio
707 947 740 1009 61
757 942 934 1028 appellavit
950 943 1167 1010 Godefridum
1183 943 1213 1008 le
1227 941 1406 1010 Stedeman
1422 963 1460 1009 eo
1476 943 1562 1026 quod
1578 942 1668 1009 idem
1684 943 1884 1010 Godefridus

591 1046 644 1112 dio
659 1047 833 1113 Dominica
848 1048 938 1132 prox’
955 1051 1030 1133 post
1045 1047 1296 1113 Exaltaoionem
1313 1045 1433 1113 Sancte
1449 1047 1562 1114 Crucis
1579 1047 1645 1114 cito
1667 1052 1742 1132 post
1757 1069 1883 1114 nonam

590 1171 681 1218 anno
702 1152 850 1236 predicto
865 1151 956 1218 venit
972 1152 1008 1217 in
1022 1151 1102 1218 villa
1117 1152 1157 1218 de
1180 1151 1314 1236 Capella
1340 1151 1383 1218 61
1405 1152 1553 1218 hostium
1580 1152 1734 1234 Hugonis
1758 1152 1884 1218 Rachel

591 1277 666 1321 cum
681 1278 750 1322 una
765 1256 861 1324 achia
876 1256 964 1341 apik'
994 1257 1033 1322 16
1056 1257 1142 1322 ferro
1166 1258 1199 1322 61
1224 1276 1319 1322 acera
1346 1258 1378 1322 et
1403 1256 1491 1321 unde
1514 1257 1728 1322 manubrium
1754 1257 1818 1322 fuit
1842 1256 1883 1322 de

590 1362 723 1439 coudra,
739 1365 772 1428 et
788 1361 962 1432 insultavit
977 1361 1159 1428 Robsrtum
1186 1361 1226 1428 16
1249 1361 1284 1427 16
1306 1360 1407 1426 Feldc
1432 1361 1569 1426 fratrem
1593 1357 1738 1445 predicte
1764 1361 1883 1428 (lecilie

589 1465 741 1550 nequiter
768 1469 806 1533 ut
832 1467 961 1534 felonus
985 1470 1101 1534 contra
1123 1486 1238 1551 pacem
1263 1463 1390 1531 domini
1410 1465 1496 1549 regis
1520 1467 1554 1531 61
1577 1463 1740 1548 percussit
1755 1464 1882 1531 dictum

591 1569 773 1636 Robertum
796 1569 893 1654 juxta
908 1591 1042 1655 grevam
1057 1570 1186 1655 capitis,
1202 1570 1250 1636 ita
1266 1568 1353 1654 quod
1376 1568 1546 1636 cerebrum
1573 1569 1689 1636 effudit
1713 1574 1746 1637 et
1767 1571 1882 1637 statim

589 1674 671 1741 obiit
687 1675 727 1742 de
742 1675 832 1742 11616
846 1675 944 1760 plaga
959 1676 1046 1742 inter
1062 1674 1198 1742 brachia
1209 1675 1294 1741 dicte
1310 1673 1440 1742 Gecilie.
1483 1673 1613 1741 Eadem
1629 1674 1750 1742 Oecilia
1772 1676 1881 1759 appel·

590 1778 671 1845 lavit
686 1779 888 1847 Willelmum
910 1780 1073 1846 Pistorem
1089 1779 1129 1846 de
1144 1781 1292 1864 Neuport
1307 1799 1345 1846 eo
1361 1779 1447 1864 quod
1469 1778 1557 1845 idem
1572 1779 1757 1849 Willelmus
1773 1779 1882 1846 tenuit

590 1884 716 1950 dictum
731 1885 912 1951 Robertum
927 1905 985 1969 per
1000 1883 1174 1951 brachium
1189 1884 1362 1950 sinistrum
1372 1884 1551 1951 dummodo
1560 1884 1668 1950 dictus
1684 1884 1882 1952 Godelridus
2005 1879 2014 1892 '

590 1989 774 2072 predictum
790 1989 971 2056 Robertum
994 1989 1168 2067 interfecit,
1185 1992 1218 2056 et
1240 1988 1328 2054 idem
1343 1988 1527 2056 Willelmus
1542 1989 1604 2055 hoc
1629 1989 1705 2054 lecit
1729 1989 1881 2073 nequiter

590 2095 629 2158 ut
648 2093 775 2160 felonus
797 2097 831 2160 61
853 2097 969 2160 contra
990 2113 1106 2178 pacem
1128 2091 1254 2160 domini
1276 2093 1372 2176 regis.
1417 2093 1546 2160 Eadem
1562 2093 1682 2160 (lecilia
1704 2093 1882 2178 appellavit

590 2197 768 2282 Hugonem
786 2198 910 2264 Rachel
925 2198 966 2264 16
981 2198 1115 2282 Capella
1129 2217 1168 2264 so
1194 2197 1281 2282 quod
1308 2197 1417 2264 dictus
1443 2197 1543 2281 Hugo
1569 2198 1749 2282 receptavit
1776 2197 1881 2264 dictos

590 2303 712 2368 felones
739 2306 814 2386 post
829 2302 952 2369 dictam
975 2301 1130 2369 feloniam
1157 2297 1280 2368 factam
1295 2301 1445 2368 videlicet
1470 2301 1686 2369 Godcfridum
1710 2305 1744 2368 et
1758 2301 1879 2369 Willel·

587 2427 694 2486 mum.
728 2407 775 2474 Et
789 2406 937 2492 predicta
952 2406 1073 2474 Oeoilia
1087 2406 1182 2474 offert
1198 2407 1336 2491 probare
1347 2427 1462 2472 versus
1477 2406 1641 2490 predictos
1657 2407 1780 2473 felones
1792 2407 1880 2474 vide-

586 2511 665 2585 licet
677 2511 1110 2591 Godeiridum,Willelmum
1119 2515 1153 2579 et
1164 2511 1341 2596 Hugonem
1352 2511 1440 2595 quod
1454 2510 1556 2578 istam
1565 2510 1720 2578 seloniam
1731 2513 1880 2579 lecerunt

588 2615 739 2701 nequiter
753 2621 792 2684 ut
807 2617 931 2683 felones
945 2616 1073 2683 insultu
1095 2615 1315 2700 premeditato
1330 2617 1363 2682 61
1378 2619 1493 2682 contra
1515 2635 1630 2700 pacem
1653 2615 1779 2682 domini
1793 2617 1880 2700 regis
1988 2669 1992 2675 ,

588 2725 622 2787 61
637 2721 858 2787 disracionare
874 2721 1055 2787 secundum
1071 2720 1158 2806 quod
1180 2721 1299 2786 mulier
1322 2719 1419 2786 debet
1435 2721 1485 2787 vel
1503 2722 1613 2806 potest
1639 2722 1673 2787 61
1697 2721 1879 2786 secundum

587 2825 674 2909 quod
690 2823 782 2891 curia
797 2824 922 2891 domini
936 2825 1022 2910 regis
1037 2824 1303 2892 consideraverit.
1348 2825 1446 2892 Dicta
1462 2825 1583 2894 cecilia
1596 2829 1744 2892 recenter
1759 2825 1880 2892 levavit

587 2929 756 2996 hutesium
772 2933 804 2996 61
820 2931 883 2996 fuit
894 2933 1107 3015 prosecutum
1123 2929 1163 2996 16
1178 2929 1256 2996 11116
1272 2930 1314 2995 61
1330 2930 1442 2996 villam
1458 2933 1492 2996 et
1517 2929 1564 2994 sic
1587 2929 1630 2995 61
1654 2929 1879 2995 vicecomitem

586 3037 620 3100 et
635 3036 863 3102 coronatorem
886 3037 920 3102 61
944 3035 986 3101 61
1011 3034 1216 3112 comitatum,
1231 3037 1265 3100 61
1285 3033 1412 3100 invenit
1438 3033 1562 3118 plegios
1588 3033 1628 3100 de
1652 3030 1879 3118 prosequendo

585 3139 763 3224 Hugouem
793 3141 834 3206 de
864 3140 1044 3206 Η6166616ι
1070 3139 1185 3220 ‚virum
1215 3159 1325 3218 suum,
1357 3137 1545 3206 iohannem
1576 3138 1616 3205 16
1645 3139 1679 3204 16
1707 3137 1809 3204 Felde
1838 3137 1879 3204 16

587 3244 761 3311 Godinfeld
777 3244 792 3332 [
810 3245 835 3333 ].
1267 3230 1269 3236 ¹

652 3349 703 3416 Ad
718 3349 913 3416 comitatum
929 3349 1008 3416 Bed’
1025 3348 1077 3416 die
1089 3349 1184 3415 Luna
1199 3348 1234 3413 in
1247 3349 1330 3416 festo
1341 3347 1573 3433 Apostolorum
1587 3346 1731 3414 Simonis
1744 3349 1777 3412 61
1793 3347 1813 3412 J
1815 3347 1878 3412 ude

587 3453 708 3521 Cecilia
723 3455 813 3520 venit
829 3457 861 3521 61
885 3455 1106 3540 sequebatur²
1131 3453 1299 3538 appellum
1325 3473 1436 3518 suum.
1483 3450 1681 3520 Godclridus
1707 3451 1738 3516 le
1764 3450 1877 3518 81616-

586 3579 677 3637 man,
693 3559 876 3626 Willelmus
901 3557 948 3646 [61
974 3557 1109 3646 Hugo³]
1134 3557 1241 3642 primo
1267 3556 1462 3641 interrogati
1485 3576 1554 3622 non
1580 3557 1755 3622 venerunt.
1801 3555 1879 3621 Ideo
1950 3637 1953 3640 Ι

586 3683 645 3747 per
656 3663 819 3748 judicium
835 3663 1012 3730 comitatus
1027 3662 1152 3730 habent
1167 3661 1255 3727 diem
1270 3660 1305 3726 in
1321 3663 1446 3728 unam⁴
1462 3680 1626 3727 mensem.

637 3899 704 3965 ad
719 3897 822 3966 istum
837 3899 1033 3966 comitatum
1048 3899 1211 3966 Robertus
1227 3897 1267 3964 16
1277 3897 1460 3984 Crevequer
1475 3895 1621 3982 prest'tit
1633 3897 1878 3962 sacramentum

585 4005 622 4072 in
638 4006 734 4091 pleno
750 4005 911 4072 comitatu
926 4005 969 4071 ad
984 4005 1124 4072 laciend’
1150 4003 1254 4092 [etc.].
