4364 5736
595 491 641 563 89
1062 509 1268 565 ooaoanes’
1294 510 1424 565 nonas.

597 680 711 747 Sancti
738 679 888 764 Gregorii
912 683 1000 766 Pape
1021 701 1110 747 anno
1130 681 1277 766 predicto
1300 701 1411 748 coram
1431 681 1475 746 H.
1501 680 1541 746 de
1560 679 1781 746 Brentesione
1805 681 1838 744 et
1861 679 1892 744 J.

595 787 768 870 Neyrnuyt
791 785 985 870 justiciariis
1016 786 1143 852 domini
1167 785 1253 870 regis
1280 785 1320 854 ad
1348 786 1480 870 gaolam
1511 786 1613 852 Oxon'
1646 784 1893 850 deliberandam

596 893 774 976 assignetis
790 893 960 958 deliberati
976 893 1111 959 luerunt
1126 897 1286 976 tanquam
1302 892 1403 957 boni.¹

663 1104 809 1187 Contigit
825 1104 877 1170 die
893 1105 988 1170 Lune
1003 1107 1093 1188 prox'
1111 1106 1189 1170 ante
1214 1103 1336 1170 festum
1360 1102 1475 1171 Sancti
1490 1103 1624 1188 Georgii
1640 1103 1789 1170 Martiris
1805 1125 1894 1172 anno

596 1209 689 1292 regni
712 1209 798 1293 regis
821 1209 978 1276 Edwardi
994 1211 1079 1274 xwi
1094 1209 1181 1292 quod
1197 1209 1368 1274 lohannes
1390 1209 1561 1274 Laurcnce
1584 1208 1666 1274 obiit
1689 1211 1724 1273 in
1747 1209 1894 1294 hospicio

597 1336 659 1379 sno
673 1314 729 1378 ubi
744 1314 903 1380 manebat
918 1313 953 1378 in
969 1313 1126 1398 parochia
1144 1313 1258 1379 Sancti
1273 1311 1364 1378 Petri
1380 1312 1415 1376 in
1431 1313 1539 1378 Ballio
1554 1316 1587 1378 et
1603 1313 1718 1378 eodem
1734 1313 1787 1379 die
1803 1313 1894 1379 visus

596 1419 659 1484 luit
682 1439 740 1502 per
763 1419 992 1484 coronatorem
1015 1417 1201 1502 predictum
1224 1421 1257 1484 61
1280 1419 1410 1482 nullam
1432 1417 1552 1483 habuit
1577 1419 1710 1501 plagam
1734 1422 1784 1484 set
1807 1419 1894 1484 male

596 1524 788 1589 verberatus
804 1524 868 1588 fuit
884 1544 941 1606 per
958 1521 1066 1588 totum
1089 1544 1220 1606 corpus.
1265 1522 1446 1605 Inquisicio
1469 1521 1546 1588 inde
1570 1525 1668 1606 capta
1691 1523 1755 1588 iuit
1778 1524 1892 1590 eodem

597 1631 650 1695 die
673 1650 785 1694 coram
808 1631 1001 1694 coronatore
1023 1629 1170 1713 predicto
1193 1649 1251 1712 per
1275 1631 1417 1710 quatuor
1443 1627 1617 1711 parochias
1641 1629 1893 1712 propinquiores

563 1787 569 1806 .
597 1735 748 1802 videlicet
780 1733 895 1800 Sancti
925 1733 1016 1798 Petri
1046 1733 1082 1797 in
1105 1733 1222 1811 Balli0,
1250 1733 1365 1799 Sancti
1392 1733 1564 1799 Michaelis
1590 1733 1749 1812 Borealis,
1780 1735 1894 1800 Sancti

597 1839 736 1906 Martini
752 1843 786 1904 61
805 1837 964 1904 Omnium
989 1839 1199 1906 Sanctorum.
1244 1838 1291 1904 Et
1313 1859 1428 1903 omnes
1447 1838 1515 1921 jur'
1540 1839 1574 1903 in
1598 1839 1655 1903 illa
1677 1839 1893 1922 inquisicionc

597 1946 713 2011 dicunt
729 1965 828 2029 super
843 1946 1090 2009 sacramentum
1107 1964 1205 2008 suum
1221 1943 1308 2026 quod
1324 1943 1376 2007 die
1391 1943 1566 2008 Dominica
1581 1943 1616 2006 in
1632 1943 1748 2008 Remis
1763 1943 1904 2010 Palma·

597 2073 673 2116 rum
696 2069 784 2115 anno
807 2048 954 2133 predicto
977 2047 1113 2132 quidam
1136 2049 1272 2113 clericus
1294 2047 1430 2112 nomine
1449 2047 1556 2114 David
1572 2048 1612 2113 de
1628 2047 1894 2131 Northamptone

597 2157 662 2221 fuit
685 2175 758 2221 6616
780 2153 816 2218 in
839 2153 911 2218 vico
936 2157 1052 2218 contra
1076 2153 1262 2238 hospicium
1287 2173 1386 2217 suum
1412 2151 1470 2216 ubi
1492 2152 1650 2218 manebat
1674 2152 1709 2216 in
1736 2153 1894 2236 parochia

599 2259 713 2327 Sancti
736 2257 909 2323 Michaelis
935 2256 1085 2324 Borealis
1104 2257 1143 2322 de
1170 2256 1232 2322 sub
1255 2255 1379 2321 boreali
1403 2277 1500 2322 muro
1517 2257 1592 2322 ville
1615 2259 1648 2322 et
1671 2255 1732 2322 ivit
1754 2257 1893 2324 dicendo

595 2387 709 2451 preces
736 2368 769 2431 et
795 2363 961 2430 orationes
993 2385 1082 2429 suas.
1131 2363 1178 2429 Et
1202 2363 1249 2427 ibi
1275 2362 1367 2427 venit
1391 2362 1498 2427 dictus
1526 2362 1697 2430 Johannes
1722 2362 1892 2430 Laurence

596 2471 733 2537 obvians
757 2468 788 2534 ei
812 2470 844 2533 et
866 2488 967 2533 causa
982 2467 1207 2533 contencionis
1231 2465 1379 2531 faciende
1402 2486 1478 2530 cum
1502 2465 1637 2552 scapula
1660 2487 1721 2532 sua
1748 2467 1892 2550 depulsit

596 2575 722 2639 dictum
737 2571 846 2638 David
862 2572 963 2636 semel
981 2573 1014 2636 61
1037 2571 1171 2648 iterum,
1188 2575 1221 2636 et
1245 2569 1352 2634 dictus
1375 2569 1484 2634 David
1507 2570 1635 2653 rogavit
1658 2590 1735 2635 eum
1758 2575 1796 2637 ut
1818 2591 1890 2655 per·

595 2679 743 2743 mitteret
766 2677 877 2760 ipsum
900 2675 936 2740 in
950 2696 1031 2759 pace
1046 2678 1079 2740 et
1095 2675 1141 2740 sic
1157 2675 1295 2740 intravit
1311 2675 1345 2738 in
1362 2675 1547 2759 hospicium
1564 2697 1674 2742 suum.
1720 2675 1767 2741 Et
1784 2677 1891 2742 dictus

594 2783 765 2850 lohannes
792 2781 908 2847 statim
932 2780 1070 2846 accessit
1093 2780 1135 2846 ad
1158 2780 1281 2846 ostium
1306 2780 1386 2846 dicti
1408 2781 1548 2864 hospicii
1572 2781 1629 2848 ubi
1652 2781 1760 2847 dictus
1783 2782 1891 2848 David

593 2887 730 2953 intravit
754 2890 786 2952 et
809 2884 971 2970 percussit
994 2884 1045 2950 bis
1068 2905 1166 2968 super
1190 2885 1324 2950 ostium.
1370 2885 1417 2951 Et
1440 2885 1548 2951 dictus
1571 2885 1679 2951 David
1700 2886 1799 2952 exivit
1814 2908 1891 2952 cum

594 2993 737 3076 quodam
753 2990 869 3056 baculo
885 2993 918 3056 61
939 2988 1101 3073 percussit
1124 2988 1250 3054 dictum
1274 2989 1463 3054 Johannem
1487 3011 1586 3073 super
1609 2995 1709 3074 caput
1732 2991 1781 3056 ita
1804 2991 1891 3074 quod

593 3095 710 3160 cecidit
733 3095 776 3160 ad
799 3097 923 3160 terram
942 3095 975 3158 61
990 3092 1174 3158 verberavit
1195 3113 1272 3157 eurn
1288 3114 1364 3158 cum
1381 3093 1468 3158 dicto
1484 3093 1600 3159 baculo
1615 3115 1673 3178 per
1690 3097 1842 3178 scapulas
1858 3099 1891 3161 et

586 3202 729 3265 'dorsum
745 3201 778 3264 et
793 3219 889 3264 renes
904 3201 937 3263 61
952 3218 1010 3281 per
1025 3199 1134 3262 totum
1150 3217 1268 3280 corpus
1288 3197 1376 3260 unde
1399 3197 1480 3263 obiit
1503 3198 1556 3262 die
1579 3199 1674 3263 Lune
1691 3199 1889 3282 supradicto,

593 3309 625 3371 et
651 3305 696 3370 616
724 3303 804 3370 vixit
831 3323 888 3386 per
914 3302 1102 3386 quindecim
1129 3302 1198 3366 dies
1226 3304 1258 3366 61
1282 3301 1401 3366 habuit
1424 3303 1536 3367 omnia
1559 3303 1636 3386 jura
1657 3303 1889 3370 ecclesiastica.

592 3413 750 3476 Attamen
773 3407 907 3473 interim
930 3407 1097 3491 predictus
1120 3405 1228 3472 David
1253 3406 1478 3472 summonitus
1506 3408 1570 3472 fuit
1594 3429 1705 3473 6611111
1730 3409 1889 3492 magistro

592 3515 745 3580 Johanne
768 3513 808 3579 de
830 3512 963 3596 Bloyou
986 3513 1066 3577 tunc
1089 3509 1316 3575 commissario
1339 3511 1526 3576 cancellarii
1543 3511 1769 3578 universitatis
1785 3513 1888 3579 Oxon’

592 3623 624 3685 et
655 3619 822 3703 predictus
853 3617 1023 3682 Johennes
1055 3615 1226 3680 Laurence
1261 3615 1424 3682 similiter.
1470 3617 1517 3683 Et
1548 3638 1606 3700 per
1636 3617 1888 3702 inquisicionem

591 3725 714 3791 ibidem
737 3725 870 3807 captam
893 3741 1005 3786 coram
1028 3719 1255 3786 commissario
1278 3720 1425 3804 predicto
1448 3721 1545 3787 ambe
1567 3725 1678 3806 partes
1701 3724 1888 3808 adjudicate

591 3831 727 3896 luerunt
744 3827 785 3893 ad
801 3827 981 3910 prisonem.
1027 3823 1073 3889 Et
1089 3824 1170 3890 dum
1186 3826 1322 3892 fuerunt
1337 3825 1373 3890 in
1389 3825 1478 3892 dicta
1489 3827 1625 3910 prisona
1639 3849 1697 3912 per
1713 3829 1887 3896 consilium

589 3933 728 4019 predicti
744 3931 964 3998 commissarii
979 3931 1068 3995 iacta
1085 3930 1147 3995 luit
1163 3930 1336 3995 concordia
1352 3931 1439 3996 inter
1455 3935 1567 4016 partes
1587 3932 1750 4016 predictas
1773 3937 1806 3999 61
1829 3957 1887 4019 per

590 4041 716 4106 dictum
732 4035 997 4102 commissarium
1014 4033 1112 4100 ambo
1129 4035 1263 4099 luerunt
1279 4035 1451 4100 deliberati
1467 4057 1488 4102 1
1510 4038 1655 4121 prisona.
1700 4038 1747 4102 Et
1771 4040 1886 4105 statim

589 4145 698 4210 dictus
714 4140 820 4207 David
837 4140 918 4206 abiit
934 4161 955 4206 a
970 4139 1048 4206 villa
1063 4139 1211 4222 predicta
1227 4138 1275 4204 ita
1291 4140 1378 4222 quod
1394 4161 1569 4224 nunquam
1585 4145 1700 4226 postea
1716 4143 1779 4208 fuit
1795 4143 1886 4210 visus

589 4271 649 4315 neo
672 4249 828 4313 inventus
851 4245 886 4311 in
910 4245 1024 4311 eadem
1048 4244 1126 4311 villa
1141 4265 1200 4310 nec
1216 4245 1341 4328 aliquid
1364 4245 1515 4313 debonis
1537 4247 1609 4330 ejus
1632 4247 1740 4331 potuit
1763 4247 1886 4332 inquiri

589 4375 648 4420 neo
665 4373 816 4418 rnvenrrr.

620 4747 695 4795 ¹For
718 4743 763 4794 the
787 4757 859 4792 same
882 4739 987 4803 inquest
1009 4739 1088 4790 taken
1111 4739 1140 4788 in
1162 4738 1207 4788 the
1258 4753 1324 4789 were
1351 4743 1456 4802 present
1485 4744 1512 4790 at
1540 4740 1585 4790 the
1607 4741 1720 4805 laqueet,
1744 4744 1796 4794 and
1819 4746 1883 4796 each

584 4827 706 4876 presence
718 4811 744 4859 ol
756 4809 826 4858 John
838 4808 869 4858 de
877 4809 971 4868 Osncy.
984 4821 1026 4855 666
1036 4805 1134 4870 Onscrd
1147 4806 1208 4868 cap
1258 4805 1363 4855 entered
1375 4807 1420 4855 the
1432 4821 1491 4857 6166
1503 4807 1531 4856 111
1540 4807 1583 4856 his
1592 4808 1657 4868 roll;
1672 4810 1716 4860 the
1724 4814 1774 4860 tuo
1782 4813 1884 4862 records

584 4881 748 4936 Documenta,
770 4877 825 4924 150.
860 4873 986 4934 Probably
1007 4872 1070 4922 both
1088 4887 1207 4921 coronare
1258 4871 1334 4920 11161
1345 4887 1374 4922 aa
1387 4873 1491 4934 regards
1502 4874 1547 4924 the
1559 4873 1662 4924 details.
