4364 5736
529 545 576 617 69
996 560 1204 618 oonounns‘
1229 562 1358 618 nouus.

526 731 563 796 in
578 731 655 798 lusu
671 731 824 798 caecidit¹
842 732 878 797 in
900 732 1007 815 capud
1030 730 1111 798 dicti
1132 731 1284 798 Nicholai
1305 731 1395 798 unde
1417 731 1539 816 recepit
1563 753 1666 800 unam
1688 753 1829 819 parvam

526 837 670 919 plagam,
688 840 721 904 ct
735 839 850 920 postea
864 837 967 902 tercia
983 836 1036 902 die
1052 840 1208 920 sequente
1219 836 1307 902 idem
1320 836 1499 904 Nioholaus
1508 838 1623 904 cubuit
1635 839 1829 904 dormiendo

527 944 560 1006 et
575 940 661 1024 cepit
678 961 754 1005 eum
770 940 905 1024 quidam
920 941 1055 1006 morbus
1071 941 1264 1024 paraliticus
1280 941 1400 1024 dequo
1416 942 1530 1008 morbo
1541 943 1663 1027 recepit
1673 947 1827 1009 mortem.

527 1045 574 1110 Et
589 1045 792 1111 moriebatur
815 1046 868 1110 die
891 1045 982 1110 Jovis
1004 1048 1095 1129 prox’
1120 1049 1198 1112 ante
1221 1047 1344 1112 festum
1369 1045 1483 1112 Sancti
1505 1047 1658 1114 Barnabe
1678 1046 1829 1130 Apostoli

527 1169 617 1214 anno
632 1149 788 1232 predicto.
834 1149 1013 1232 Inquisioio
1035 1149 1112 1215 inde
1136 1151 1224 1215 lacta
1246 1169 1358 1215 coram
1382 1150 1412 1215 J.
1437 1150 1477 1216 (16
1500 1151 1585 1215 Buk'
1602 1171 1660 1234 per
1682 1151 1742 1234 iiij.
1759 1150 1826 1216 vill’

527 1253 776 1337 propinquiores
799 1254 949 1320 videlicet
972 1254 1121 1338 Bukeby,
1145 1254 1323 1333 Watforde‚
1347 1254 1450 1321 Oreke
1476 1259 1510 1320 ot
1532 1255 1739 1340 Wynewyke,
1764 1274 1827 1338 que

527 1357 642 1423 dicunt
672 1379 731 1442 per
761 1361 1007 1424 sacramentum
1038 1379 1136 1424 suum
1166 1363 1205 1424 ut
1236 1379 1347 1442 supra.
1396 1360 1443 1425 Et
1474 1359 1590 1424 dicunt
1621 1359 1708 1442 quod
1738 1358 1827 1424 idem

527 1462 706 1528 Nioholaus
715 1484 784 1529 non
796 1464 859 1530 fuit
871 1467 1023 1530 mortuus
1033 1485 1093 1548 pro
1102 1464 1250 1548 predicto
1262 1463 1328 1530 icto
1340 1447 1414 1530 ⁹'set
1425 1485 1486 1547 pro
1501 1463 1649 1547 predicto
1664 1462 1779 1530 morbo
1794 1466 1828 1529 61

527 1566 614 1648 quod
630 1566 738 1632 dietus
753 1567 914 1632 Ricardus
929 1589 989 1651 pro
1012 1568 1130 1634 timore
1154 1567 1251 1650 fugiit
1275 1567 1318 1633 ad
1340 1566 1511 1633 ecclesiam
1536 1565 1650 1634 Sancti
1673 1566 1764 1631 Petri
1787 1566 1828 1632 (16

526 1669 704 1736 Watlorde.
750 1669 879 1736 (latalla
894 1669 964 1754 ejus
985 1691 1091 1736 unum
1114 1671 1282 1754 flagellum
1304 1671 1406 1755 precii
1428 1672 1480 1737 ob.
1525 1671 1648 1738 Villata
1671 1670 1711 1736 de
1733 1670 1828 1738 Wat-

527 1772 619 1839 forde
635 1774 858 1856 respondebit.

594 1877 688 1942 Idem
706 1877 867 1943 Ricardus
890 1876 981 1943 venit
1003 1897 1113 1943 coram
1138 1877 1170 1943 J.
1195 1876 1235 1942 de
1257 1877 1342 1943 Buk’
1367 1880 1400 1944 et
1423 1877 1520 1944 dictis
1543 1877 1604 1962 iiij.
1628 1876 1751 1944 villatis
1774 1876 1827 1943 die

529 1980 667 2048 Sabbati
681 1980 717 2045 in
732 1981 844 2064 vigilia
861 1981 976 2049 Sancti
991 1981 1144 2048 Barnabe
1161 1981 1309 2065 Apostoli
1325 2003 1413 2048 anno
1435 1983 1583 2065 predicto
1601 1986 1634 2047 et
1650 1981 1827 2064 congnovit

527 2105 562 2150 se
589 2105 662 2151 esse
690 2086 855 2152 latronem
881 2089 915 2152 et
939 2086 1066 2150 furasse
1092 2106 1196 2158 unam
1223 2086 1472 2170 supertunicam
1499 2086 1539 2152 de
1563 2086 1713 2152 blewetlo
1736 2085 1826 2169 apud

527 2189 671 2254 Bereubi
684 2189 786 2272 precii
801 2189 891 2273 xviij.
908 2189 939 2254 d.
956 2193 988 2254 et
1004 2189 1169 2272 abjuravit
1185 2210 1325 2272 reguum
1340 2189 1458 2272 Anglie
1470 2193 1503 2254 et
1513 2190 1610 2255 datus
1622 2194 1695 2256 erat
1710 2191 1827 2273 portus

527 2293 567 2359 de
600 2294 738 2359 Dovere.
799 2293 927 2360 Catulla
957 2293 1028 2376 ejus
1059 2293 1210 2377 superius
1248 2293 1470 2377 apreciantur‚
1501 2297 1534 2360 et
1566 2297 1678 2378 preter
1711 2295 1773 2360 hoc
1800 2293 1826 2378 j.

527 2399 699 2482 caputium
722 2399 824 2482 precii
842 2398 869 2483 j.
886 2399 928 2478 d.,
948 2398 974 2482 j.
998 2398 1113 2464 tunica
1135 2397 1236 2482 precii
1254 2399 1282 2483 j.
1299 2398 1332 2463 d.
1376 2399 1499 2466 Villata
1522 2399 1562 2464 de
1584 2399 1754 2468 Watlorde
1776 2419 1826 2466 re-

528 2503 713 2588 spondebit.

353 2809 476 2900 maa
593 2791 721 2858 Accidit
736 2793 826 2875 apud
842 2791 1016 2858 Jelvertolt
1032 2791 1085 2858 die
1103 2791 1218 2859 Sabati
1233 2793 1322 2876 prcx’
1338 2795 1416 2858 ante
1428 2793 1550 2858 festum
1563 2792 1677 2860 Sancti
1688 2791 1828 2860 Martini

527 2917 617 2962 anno
631 2896 726 2980 regni
740 2896 827 2980 regis
843 2895 999 2962 Edwardi
1014 2897 1061 2962 v²⁰
1076 2897 1164 2979 quod
1179 2897 1315 2980 quidam
1330 2897 1516 2964 Willelmus
1532 2897 1572 2963 de
1594 2896 1829 2980 Wenlingtone

526 3001 716 3084 capellanus
739 2999 937 3084 paroehialis
960 3001 1000 3066 (16
1023 3001 1197 3067 Jelvertolt
1220 3001 1311 3067 misit
1335 3001 1524 3068 Johannem
1547 3001 1703 3067 clericum
1726 3023 1827 3066 suum

527 3107 570 3172 ad
585 3106 721 3173 domum
737 3106 903 3172 lobannis
917 3107 948 3170 le
966 3107 1104 3172 Soutere
1127 3107 1169 3171 ad
1193 3105 1398 3193 [em]endam
1422 3107 1485 3172 sibi
1508 3107 1681 3172 candelam
1704 3107 1827 3172 scilicet

523 3211 549 3296 j.
566 3212 598 3277 (1.
644 3211 690 3278 Et
706 3211 794 3276 idem
810 3211 980 3276 Johannes
996 3211 1124 3276 nullam
1141 3211 1204 3276 sibi
1219 3212 1352 3278 mittere
1368 3212 1472 3277 voluit
1488 3211 1558 3277 sine
1574 3215 1722 3294 argento,
1739 3211 1827 3277 unde

527 3315 694 3399 predictus
718 3314 903 3382 Willelmus
926 3315 1116 3398 capellanus
1139 3314 1354 3394 irascebatur,
1378 3315 1464 3398 cepit
1487 3336 1592 3380 unum
1615 3315 1771 3381 baculum
1794 3318 1827 3380 ct

526 3419 586 3485 ivit
610 3419 653 3485 ad
675 3418 811 3484 domum
833 3417 973 3502 predicti
996 3417 1160 3484 Johannis
1184 3423 1216 3484 et
1246 3419 1400 3502 burgavit
1427 3419 1550 3484 ostium
1573 3440 1671 3502 super
1694 3439 1771 3486 eum
1794 3422 1827 3485 et

525 3523 688 3606 percussit
704 3543 781 3588 eum
797 3523 986 3588 Johannem
1002 3522 1037 3586 in
1054 3523 1161 3605 capite
1177 3521 1218 3588 (16
1240 3523 1355 3588 eodem
1377 3523 1494 3588 baculo
1517 3543 1538 3589 a
1560 3526 1654 3606 parto
1678 3525 1757 3588 ante
1778 3523 1827 3588 ita

526 3627 613 3711 quod
629 3627 799 3692 cerebrum
816 3625 983 3692 emanavit
1002 3630 1035 3692 et
1059 3627 1174 3692 statim
1196 3627 1411 3693 moriebatur.
1456 3629 1503 3692 Et
1526 3627 1641 3694 statim
1664 3627 1760 3711 fugiit
1784 3628 1827 3694 ad

527 3731 699 3796 ecclesiam
716 3731 755 3796 de
771 3731 792 3797 J
793 3731 957 3796 elverlolt.
1003 3730 1024 3795 J
1025 3730 1138 3796 uliana
1147 3730 1216 3796 filia
1227 3730 1383 3797 Willelmi
1394 3730 1580 3796 Oraunford
1596 3731 1636 3797 (16
1652 3731 1827 3797 lelvertolt

525 3835 632 3920 primo
648 3835 776 3902 invenit
791 3857 878 3902 eum.
924 3833 1029 3918 Plagii
1044 3834 1115 3918 ejus
1138 3835 1304 3900 Henricus
1320 3835 1360 3900 de
1375 3835 1584 3919 Pydingtona
1599 3835 1638 3901 de
1655 3836 1827 3902 Jelvertoft

525 3944 558 4007 et
573 3941 757 4008 Willelmus
774 3940 813 4005 de
830 3939 1017 4007 (lraunford
1032 3939 1072 4004 (16
1088 3939 1214 4004 eadem.
1260 3938 1440 4023 Inquisicio
1463 3938 1540 4005 inde
1564 3940 1652 4005 facta
1667 3961 1778 4005 coram
1794 3939 1826 4008 J.

525 4045 566 4110 do
581 4045 666 4110 Buk’
683 4065 741 4128 par
756 4044 815 4128 iiij.
831 4044 897 4110 vill’
915 4043 1164 4127 propinquiores
1187 4042 1337 4110 videlicet
1361 4044 1381 4109 J
1383 4045 1545 4123 elvertofl,
1570 4043 1682 4122 Orela,
1706 4045 1826 4128 Wyne-

526 4148 617 4234 wylle
640 4151 672 4214 et
695 4149 917 4226 Lillebourne‚
941 4169 1004 4232 qua
1027 4147 1142 4213 dicunt
1165 4168 1223 4231 per
1248 4150 1495 4213 sacramentum
1522 4169 1620 4214 suum
1647 4152 1685 4213 ut
1709 4169 1827 4230 supra-

526 4253 652 4318 dictum
683 4255 733 4320 est
764 4256 797 4318 et
827 4253 914 4336 quod
948 4253 1116 4318 neminem
1156 4251 1266 4318 sciunt
1304 4251 1502 4335 culpabilem
1533 4253 1572 4317 de
1602 4253 1710 4317 morta
1747 4252 1827 4318 dicti

525 4355 689 4422 Johanuis
704 4357 770 4423 nisi
786 4357 912 4421 dictum
932 4357 1138 4421 Willelmum
1162 4356 1202 4421 (16
1224 4356 1468 4438 Wenlinglonc.
1514 4355 1578 4436 Qui
1600 4355 1690 4422 venit
1713 4375 1826 4422 coram

524 4460 672 4545 predicto
688 4464 880 4528 coronatore
895 4463 928 4528 et
945 4459 1096 4544 coguovit
1112 4481 1147 4528 66
1163 4459 1319 4528 occidisse
1334 4461 1521 4544 predictum
1537 4459 1725 4526 Johannem
1738 4460 1826 4527 unde

892 4779 899 4808 ¹
920 4775 973 4830 sic.
1378 4779 1389 4807 ²
1406 4777 1461 4830 sic.
