4326 5722
602 528 647 600 11
1073 548 1280 606 coronans
1306 551 1435 608 66666.

667 715 847 799 Inquisicio
870 719 958 786 facta
985 729 1096 788 coram
1128 720 1163 788 s.
1190 719 1289 789 Rusio
1320 725 1515 790 coronatore
1544 743 1602 808 per
1633 724 1693 810 iiij.
1726 725 1794 794 vill'
1825 739 1898 811 pro·

600 818 802 904 pinquiores,
833 824 954 904 Etone,
988 823 1260 909 Wybaudistone,
1293 828 1539 909 Chalvesterne,
1574 829 1811 910 Colmmorthe‚
1836 852 1900 914 que

601 923 717 990 dicunt
732 927 818 1008 quod
837 928 1004 1011 predictus
1021 931 1139 996 Petrus
1155 928 1253 995 modo
1268 933 1415 1015 predicto
1430 955 1606 1018 percussus
1622 935 1734 1001 161161
1750 937 1790 1002 de
1811 935 1901 1001 dicta

600 1027 699 1112 plaga
714 1029 806 1096 obiit.
850 1033 898 1099 Et
913 1037 1087 1101 coronator
1103 1033 1143 1097 de
1159 1034 1320 1104 comitatu
1336 1037 1497 1121 chting’
1514 1037 1591 1105 16611
1606 1037 1869 1122 inquisicionem.

668 1333 814 1420 contigit
840 1334 877 1402 in
900 1335 979 1404 villa
1003 1337 1044 1404 de
1067 1337 1217 1404 Ronhale
1241 1336 1294 1404 die
1318 1337 1444 1405 Pasche
1470 1358 1558 1406 anno
1582 1339 1647 1408 l⁰ii⁰
1670 1339 1758 1408 circa
1781 1340 1900 1407 horam

601 1443 848 1627 terciiiiiuisicio
878 1546 967 1612 facta
996 1566 1108 1612 coram
1141 1547 1175 1614 S.
1206 1547 1304 1614 Rullo
1334 1551 1528 1615 coronatore
1558 1569 1616 1633 per
1647 1549 1705 1633 iiij.
1730 1549 1797 1616 vill’
1825 1569 1899 1634 pro-

601 1644 791 1730 pinquiores
808 1648 931 1714 scilicet
954 1649 1114 1728 Ronhale,
1131 1651 1291 1730 wildene,
1314 1649 1472 1718 Berelord
1495 1653 1528 1718 et
1551 1653 1796 1738 Goudingtone,
1820 1651 1898 1736 qui¹

602 1749 718 1820 dicunt
733 1751 820 1836 quod
836 1752 939 1818 nichil
955 1753 1038 1820 aliut
1054 1753 1164 1822 sciunt
1179 1755 1244 1822 nisi
1261 1759 1298 1823 ut
1311 1755 1497 1840 predictum
1513 1759 1574 1827 661.

669 2150 818 2236 Contigit
840 2151 968 2219 invilla
991 2153 1031 2220 de
1048 2153 1274 2222 Golmmorths
1297 2175 1339 2220 en
1361 2155 1392 2220 16
1410 2155 1556 2223 Sutcndc
1579 2155 1632 2223 dic
1647 2156 1784 2226 Veneris
1807 2161 1898 2244 prox'

602 2260 681 2324 6616
697 2258 820 2326 festum
837 2259 872 2330 S.
888 2259 1042 2328 Barnabe
1056 2260 1206 2344 Apostoli
1224 2279 1313 2328 6666
1328 2261 1393 2346 l⁰ij⁰
1416 2311 1424 2328 .
1449 2309 1457 2325 .
1483 2310 1491 2330 .

667 2791 833 2860 Amabilla
849 2813 929 2860 uxor
943 2795 1100 2862 Willclmi
1115 2797 1207 2864 Picot
1223 2796 1263 2863 de
1277 2796 1512 2864 Ravenesdens
1527 2796 1618 2864 venit
1640 2798 1683 2864 ad
1706 2797 1901 2865 comitatum

601 2898 682 2966 Bed’
706 2897 760 2964 dis
783 2897 880 2965 liuns
906 2901 997 2983 prox'
1023 2906 1103 2968 ante
1125 2903 1402 2986 Assumpoionem
1424 2903 1528 2969 Beate
1551 2903 1657 2968 Maris
1680 2924 1770 2969 anno
1791 2903 1854 2988 l⁰ij⁰
1869 2907 1903 2969 et

602 3002 758 3086 apellavit
767 3003 788 3068 J
789 3002 956 3068 ohannem
966 3003 1072 3069 filium
1088 3005 1225 3071 Henrici
1241 3007 1284 3072 ad
1299 3008 1429 3090 Aquam
1445 3006 1485 3071 de
1500 3006 1669 3084 Berelord,
1687 3007 1902 3090 Radulphum

601 3105 708 3172 filium
728 3106 868 3173 Gilberti
892 3107 932 3172 de
946 3107 1171 3188 Bollcnhurst,
1188 3109 1372 3176 Henricum
1394 3110 1425 3176 16
1449 3109 1578 3176 Chasur
1601 3110 1641 3175 de
1664 3109 1801 3189 Kaisho‚
1824 3111 1902 3178 Gal-

602 3211 726 3275 fridum
748 3211 778 3276 le
794 3210 916 3278 Weleie
938 3215 971 3277 61
994 3213 1174 3280 Ricardum
1189 3214 1220 3280 16
1236 3214 1368 3299 Wulcys
1391 3217 1424 3280 61
1446 3215 1650 3281 Willclmum
1671 3215 1779 3280 filium
1794 3215 1903 3299 Wlky,

479 3321 502 3343 '¹
601 3313 786 3380 Henricum
802 3313 842 3380 de
857 3314 1021 3394 Wottcne‚
1033 3317 1221 3384 Gallridum
1236 3317 1344 3402 Dreye
1361 3317 1400 3383 de
1416 3318 1515 3402 Lege,
1527 3319 1566 3383 de
1582 3317 1709 3384 baleria
1724 3321 1757 3384 61
1773 3317 1903 3384 roberia

603 3417 691 3483 lacta
706 3417 870 3484 Willelmo
886 3417 956 3485 viro
973 3440 1043 3498 666,
1060 3424 1093 3487 61
1116 3420 1244 3487 invenit
1265 3421 1389 3505 plegios
1404 3421 1445 3488 dc
1467 3421 1695 3506 prosequendo
1717 3422 1903 3487 Robertum

603 3521 695 3587 Picot
712 3521 751 3586 de
763 3522 979 3590 Ravenedcne'
995 3528 1028 3590 61
1039 3526 1221 3591 Robertum
1236 3526 1267 3592 le
1279 3525 1404 3592 Vinour
1416 3525 1456 3592 dc
1472 3525 1602 3594 (laishu
1648 3525 1744 3592 Istud
1759 3525 1903 3610 apellum

603 3625 745 3692 cessavit
760 3627 804 3694 ad
818 3627 1006 3712 proximum
1021 3628 1228 3695 comitatum.

674 3852 823 3937 Contigit
847 3853 883 3920 in
909 3855 988 3921 villa
1015 3856 1055 3923 de
1083 3857 1305 3942 Goldingtone
1332 3859 1385 3925 die
1411 3859 1508 3926 1666
1531 3860 1622 3944 prox’
1651 3862 1729 3926 ante
1755 3859 1904 3926 (limum-

606 3955 764 4024 sicionem
786 3957 923 4023 Domini
945 3959 981 4024 16
1004 3981 1135 4027 summo
1158 3983 1257 4028 mane
1280 3984 1369 4028 6666
1391 3963 1486 4047 regni
1508 3964 1594 4046 regis
1610 3962 1748 4028 Henrici
1763 3964 1789 4028 l⁰
1805 3962 1905 4029 tercio

454 4127 493 4157 em·
605 4061 692 4144 quod
705 4061 770 4127 duo
788 4063 907 4128 iratres
924 4063 1047 4130 scilicet
1063 4065 1230 4131 Henricus
1240 4069 1272 4132 et
1284 4067 1469 4134 Willelmus
1484 4067 1544 4132 filii
1559 4066 1693 4133 Ricardi
1709 4065 1906 4151 Carpentari

606 4165 646 4231 de
670 4165 905 4250 Goudingtone
928 4167 1142 4251 litigaverunt
1164 4169 1252 4236 inter
1275 4191 1310 4236 se
1333 4171 1368 4235 in
1392 4171 1490 4238 domo
1509 4171 1614 4256 patris
1630 4191 1745 4237 eorum
1761 4190 1821 4254 pro
1836 4190 1904 4236 uno

606 4269 725 4334 obulo*¹
741 4289 779 4336 eo
796 4270 883 4354 quod
905 4292 995 4336 unus
1017 4271 1150 4338 illorum
1174 4273 1269 4340 alleri
1292 4275 1544 4354 acomodaverit,
1561 4274 1609 4341 116
1632 4275 1719 4358 quod
1742 4273 1904 4357 litigando

605 4371 754 4440 exierunt
765 4375 805 4440 de
815 4375 903 4441 dicta
913 4377 1011 4442 domo
1022 4377 1128 4460 patris
1140 4399 1254 4442 eorum
1266 4399 1370 4462 usque
1386 4379 1428 4444 ad
1439 4381 1592 4464 januam.
1637 4379 1685 4446 Et
1700 4383 1781 4445 tunc
1797 4379 1904 4443 dictus

604 4477 789 4548 Willclmus
815 4479 977 4563 percussit
1007 4480 1134 4548 dictum
1156 4481 1340 4548 Henricum
1363 4505 1439 4549 cum
1462 4505 1530 4551 uno
1555 4485 1669 4551 baculo
1692 4484 1733 4550 de
1755 4482 1903 4569 pomerio

688 4805 769 4860 ¹822.
868 4809 950 4862 ²Sic.
1050 4813 1141 4864 'This
1152 4813 1276 4880 probably
1284 4814 1375 4866 stands
1386 4814 1638 4867 lormcmoromlam.
1738 4812 1820 4866 Ι816.
