4364 5736
537 579 585 653 72
1006 597 1214 654 66666666
1239 596 1370 652 66666.

536 770 650 833 secuta
665 771 715 832 est
731 766 897 851 appellum
914 787 1013 832 suum
1028 787 1142 833 versus
1165 767 1347 833 Robertum
1362 767 1393 831 le
1408 764 1578 833 Walckere
1601 763 1641 829 dc
1664 763 1837 831 Grcndon'

535 870 576 936 de
598 873 705 938 morte
728 871 868 955 predicti
894 871 1032 939 Walteri
1056 871 1119 937 viri
1140 871 1203 950 sui,
1228 871 1285 955 qui
1309 871 1453 938 6666616
1477 873 1611 936 exactus
1638 871 1835 935 66161666

536 975 638 1040 66611.

603 1079 654 1144 Ad
669 1077 865 1144 comitatum
889 1079 1006 1146 Norht’
1023 1079 1075 1145 die
1098 1077 1189 1145 Jovis
1212 1079 1303 1163 prox'
1320 1081 1395 1163 post
1419 1079 1542 1144 festum
1568 1077 1683 1145 Sancti
1705 1077 1835 1142 Andree

535 1181 685 1265 Apostoli
709 1203 798 1248 6666
820 1183 914 1266 regni
937 1183 1024 1266 regis
1048 1183 1204 1249 Edwardi
1225 1183 1337 1268 xxxiij⁰
1355 1183 1504 1267 predicta
1526 1183 1661 1266 Angues
1687 1182 1778 1248 venit
1802 1184 1835 1246 et

536 1289 712 1369 prosecuta
727 1289 776 1352 est
792 1288 960 1371 appellum
976 1308 1075 1352 suum
1091 1307 1206 1352 666666
1221 1287 1408 1372 predictum
1423 1287 1606 1352 Robertum
1621 1287 1651 1351 le
1666 1286 1836 1352 Walekere

537 1389 577 1455 16
593 1390 761 1456 Grendon’
778 1391 818 1456 de
833 1395 939 1457 morte
955 1391 1094 1474 predicti
1108 1391 1246 1457 Walteri
1257 1390 1321 1456 viri
1336 1390 1410 1468 sui‚¹
1425 1390 1482 1474 qui
1497 1390 1598 1456 tercio
1610 1393 1743 1456 exactus
1758 1391 1834 1455 est.¹

536 1494 583 1562 Et
598 1495 689 1561 66611
705 1496 803 1562 breve
818 1495 946 1561 domini
961 1495 1048 1578 regis
1063 1495 1099 1560 in
1113 1495 1175 1560 hec
1191 1496 1300 1561 verba.

418 1624 431 1654 e
563 1621 565 1626 ·
602 1600 788 1666 Edwardus
803 1600 857 1666 dei
872 1600 994 1683 gracia,
1011 1603 1074 1665 616.
1090 1599 1273 1666 vicecomiti
1289 1599 1406 1665 Norht'
1424 1599 1576 1664 salutem.
1630 1598 1835 1682 Precipimus

535 1703 597 1770 tibi
619 1705 707 1788 quod
730 1705 898 1788 appellum
921 1704 1008 1788 6661
1033 1705 1166 1786 Angues
1194 1724 1256 1786 666
1280 1701 1343 1768 1611
1370 1725 1450 1768 uxor
1471 1703 1610 1769 Walteri
1637 1703 1772 1769 Gilberd
1795 1703 1835 1768 de

536 1807 706 1874 Grendon'
723 1807 802 1874 facit
818 1807 853 1872 16
869 1807 1030 1874 comitatu
1040 1809 1098 1873 tuo
1108 1807 1414 1873 versusRobertum
1423 1806 1469 1871 fil'
1480 1805 1615 1872 Ricardi
1626 1806 1835 1874 leWalclrere

536 1913 576 1978 16
592 1913 760 1980 Grendon’
777 1913 817 1978 de
832 1895 939 1978 morte
961 1911 1100 1995 predicti
1123 1910 1261 1976 Walteri
1276 1909 1444 1994 quondam
1459 1909 1522 1976 viri
1538 1910 1590 1975 sui
1605 1911 1717 1976 venire
1732 1911 1835 1977 166166

536 2037 649 2082 coram
671 2017 767 2082 nobis
790 2016 826 2080 in
843 2015 999 2082 Octebis²
1016 2013 1131 2082 Sancti
1146 2013 1280 2080 Hillarii
1301 2013 1500 2097 ubicumque
1518 2017 1598 2079 tunc
1622 2013 1783 2080 fuerimus
1799 2015 1835 2079 in

535 2121 656 2204 Anglic
671 2141 748 2186 6666
764 2119 1018 2186 atachiamsntis
1034 2121 1067 2184 et
1083 2118 1238 2184 omnibus
1253 2117 1328 2184 aliis
1346 2116 1557 2184 adminiculis
1573 2118 1741 2201 appellum
1752 2118 1834 2182 illud

535 2224 761 2308 tangentibus.
807 2225 853 2290 Et
870 2223 922 2289 116
936 2225 1064 2308 pretate
1079 2222 1223 2306 Angneti
1239 2222 1421 2306 66611666
1439 2221 1482 2288 sit
1497 2221 1544 2287 ibi
1553 2221 1719 2306 appellum
1736 2243 1834 2286 suum

535 2349 651 2394 666666
666 2327 852 2413 predictum
867 2328 1049 2393 Robertum
1065 2326 1142 2392 inde
1164 2329 1379 2410 prosecutura
1402 2325 1430 2392 61
1446 2325 1596 2392 66166611.
1642 2325 1689 2391 Et
1711 2324 1835 2390 habeas

536 2431 583 2498 ibi
598 2432 660 2499 1666
675 2433 783 2499 16666.
828 2433 924 2498 'leste
939 2453 993 2497 me
1008 2431 1081 2516 ipso
1096 2431 1185 2514 apud
1200 2431 1387 2516 Brustwyk’
1399 2430 1463 2514 xxj.
1475 2430 1527 2495 die
1542 2430 1736 2495 Novembris
1746 2451 1835 2495 anuo

536 2536 631 2620 regni
645 2536 732 2620 regis
747 2536 903 2603 Edwardi
918 2536 1040 2620 xxxiijc
1071 2535 1155 2618 Quia
1171 2537 1338 2620 appellum
1353 2534 1539 2619 predictum
1555 2533 1589 2598 16
1605 2534 1726 2600 minori
1742 2535 1835 2600 66616

537 2663 638 2727 quam
653 2663 764 2709 666666
776 2641 970 2727 justiciariis
986 2641 1109 2708 nostris
1125 2641 1299 2708 terminari
1314 2661 1382 2706 non
1398 2643 1506 2725 potest
1521 2661 1579 2724 per
1594 2641 1742 2724 legemst
1758 2661 1834 2705 eon-

538 2747 749 2813 suetudinem
773 2746 867 2830 regni
891 2745 1009 2812 nostri.
1055 2745 1132 2812 Fiat
1162 2746 1312 2812 execucio
1343 2745 1440 2811 161166
1470 2745 1578 2812 166616
1609 2745 1638 2810 61
1667 2745 1834 2829 predictus

537 2851 700 2916 Robertus
716 2850 778 2916 hoc
792 2853 885 2934 petat
900 2854 932 2915 et
949 2849 1044 2915 aliter
1059 2870 1139 2915 non.
1626 2839 1628 2850 ⁴

603 2954 656 3020 Ad
671 2953 867 3020 comitatum
883 2953 999 3019 Norht'
1018 2953 1070 3018 die
1086 2953 1177 3018 16616
1193 2951 1228 3017 16
1245 2951 1390 3018 66661166
1408 2951 1522 3020 Sancti
1544 2951 1671 3018 11611616
1686 2952 1836 3036 Apostoli

538 3079 627 3126 6666
642 3056 736 3140 regni
750 3057 837 3141 regis
852 3056 1008 3122 11166611
1023 3055 1135 3141 xxxiij⁰
1149 3056 1240 3124 venit
1255 3056 1352 3122 breve
1362 3055 1488 3122 domini
1500 3055 1586 3139 regis
1597 3056 1633 3120 in
1648 3056 1709 3122 1666
1724 3057 1835 3122 66616.

604 3160 789 3227 1116666166
805 3159 858 3226 161
874 3160 995 3244 gracia,
1013 3163 1076 3226 616.
1092 3160 1276 3227 vicecomiti
1292 3159 1409 3226 Norht’
1426 3160 1580 3226 salutem.
1629 3159 1714 3226 (lum
1729 3181 1835 3243 nuper

538 3266 599 3334 tibi
614 3266 856 3350 preceperimus
872 3265 959 3349 quod
981 3265 1149 3350 appellum
1171 3266 1258 3350 quod
1281 3266 1416 3349 Angnes
1440 3313 1448 3330 .
1473 3313 1482 3330 .
1506 3313 1516 3330 .
1539 3265 1562 3330 ‚³
1585 3285 1624 3330 66
1646 3267 1684 3329 tu
1708 3264 1836 3349 appello

538 3371 686 3456 predicto
701 3392 813 3437 coram
829 3370 924 3438 nobis
947 3370 1050 3436 misso
1072 3373 1277 3436 retornasses
1301 3370 1389 3454 quod
1412 3369 1524 3436 dixisti
1547 3371 1674 3454 prefate
1690 3369 1835 3452 Augusti

539 3477 626 3560 quod
641 3478 728 3542 66661
743 3475 789 3540 ibi
805 3475 848 3542 ad
863 3475 1005 3541 eundem
1021 3475 1203 3540 terminum
1218 3475 1404 3558 predictum
1419 3475 1587 3560 appellum
1610 3494 1708 3539 suum
1724 3493 1834 3557 prose·

538 3583 657 3646 cutura
684 3578 713 3644 61
742 3578 920 3646 voluisset:
966 3579 1036 3661 Qus
1059 3578 1192 3661 quidem
1221 3579 1355 3662 Angnes
1385 3578 1427 3644 61
1457 3579 1624 3662 prefatum
1654 3576 1836 3642 terminum

538 3702 650 3749 666666
674 3682 769 3748 66116
793 3681 885 3748 66611
905 3683 937 3746 61
962 3681 1128 3765 predictus
1155 3681 1319 3747 Robertus
1342 3702 1409 3747 666
1436 3681 1547 3748 venit:
1594 3681 1641 3746 Et
1663 3680 1698 3746 16
1721 3680 1836 3747 eodem

538 3787 667 3874 appello
682 3787 871 3853 continetur
887 3785 974 3870 6661
997 3785 1165 3870 predictus
1188 3785 1352 3852 Robertus
1376 3789 1510 3852 exactus
1534 3785 1598 3850 fuit
1621 3786 1661 3850 de
1676 3785 1837 3851 comitatu

537 3892 573 3958 16
588 3891 785 3958 comitatum
808 3910 912 3973 usque
935 3889 977 3956 61
999 3889 1139 3955 tercium
1163 3889 1358 3956 comitatum
1384 3893 1514 3955 tentum
1530 3889 1619 3974 apud
1643 3890 1759 3955 Norht’
1784 3889 1836 3954 116

537 3996 629 4064 16616
644 3997 735 4081 prox’
751 3997 827 4081 post
839 3996 961 4060 festum
979 3993 1095 4062 Sancti
1109 3993 1239 4060 Andree
1250 3993 1399 4078 Apostoli
1410 3993 1529 4059 ultimo
1544 3993 1701 4076 preterito
1713 3993 1743 4057 :⁴
1789 3993 1836 4057 llt

538 4122 637 4186 super
662 4101 724 4168 hoc
749 4101 846 4168 breve
871 4103 1028 4168 nostrum
1043 4098 1122 4194 tibi
1136 4097 1227 4165 66611
1252 4098 1295 4164 61
1321 4097 1506 4182 predictum
1532 4097 1699 4181 appellum
1724 4117 1835 4163 coram

537 4205 633 4272 nobis
657 4207 701 4272 ad
724 4207 892 4290 prefatum
919 4207 1101 4272 terminum
1126 4197 1359 4280 amovendum,
1384 4201 1433 4269 ita
1457 4201 1544 4286 quod
1571 4201 1614 4267 61
1640 4200 1836 4284 exigendum

536 4310 722 4395 predictum
738 4311 921 4377 Robertum
937 4311 980 4376 ad
995 4311 1137 4377 eundem
1153 4311 1293 4377 tercium
1309 4307 1506 4378 comitatum
1519 4306 1689 4378 occasione
1699 4303 1838 4388 predicti

537 4414 646 4480 brevis
662 4414 770 4480 nostri
785 4414 846 4480 tibi
861 4413 938 4480 inde
963 4414 1081 4480 directi
1104 4437 1172 4482 non
1198 4415 1261 4481 luit
1286 4416 1426 4482 ulterius
1450 4398 1757 4500 processumpmut
1779 4428 1838 4491 per

536 4519 709 4584 retornum
719 4521 867 4585 vestrum
879 4519 921 4585 ad
933 4519 1100 4603 prefatum
1110 4519 1291 4585 terminum
1304 4521 1429 4586 lactum
1439 4519 1625 4604 accepimus
1637 4503 1835 4627 muniisse:

538 4623 613 4689 Tibi
641 4623 843 4709 precipimus
874 4625 961 4709 quod
993 4623 1171 4713 allocct[is]
1209 4624 1422 4692 comitatibus
1453 4625 1488 4690 in
1519 4623 1638 4708 quibus
1668 4623 1897 4874 predicta&

572 4887 604 4917 ¹·¹
623 4885 708 4939 116666
726 4887 809 4940 words
827 4903 871 4940 666
892 4889 980 4939 struck
1001 4893 1046 4939 out
1065 4889 1093 4939 in
1114 4889 1159 4941 the
1241 4889 1371 4941 'Recites
1382 4889 1428 4941 the
1440 4890 1580 4942 substance
1591 4890 1618 4939 61
1634 4889 1680 4940 1166
1691 4887 1831 4952 preceding
1917 4924 1922 4936 .

538 4953 597 5004 roll.
898 4957 908 4985 ²
926 4957 980 5008 MS.
995 4957 1060 5008 Oct’.
1209 4955 1275 5008 66611.
1542 4960 1551 4988 ⁴
1570 4957 1625 5009 Sic.
1785 4959 1790 4970 '
1926 4957 1930 4965 '
