4372 5724
575 548 621 620 59
712 529 715 536 ’
842 649 844 656 ⁴
1040 566 1247 622 cosonuns
1272 567 1414 656 nouis..
1489 559 1498 576 ·

573 733 705 802 hutesio
720 735 867 802 volentes
883 734 972 820 ipsos
988 735 1167 802 atachiarc.
1212 737 1259 803 Et
1275 736 1383 802 dictus
1396 735 1550 802 dominus
1566 737 1763 823 Radulphus
1778 739 1874 804 Port-

575 840 653 906 hors
675 839 783 905 noluit
798 825 990 924 permittere
1014 841 1203 906 deccnarios
1226 841 1353 906 intrare
1376 841 1503 906 curiam
1522 863 1618 906 suam
1635 846 1685 908 set
1701 843 1873 909 recettavit

576 944 680 1010 dictos
696 933 916 1028 Reginaldirm
931 947 965 1010 et
980 944 1194 1028 Radulphum
1206 948 1284 1010 ante
1300 947 1426 1011 iactum
1443 947 1566 1030 etpost
1578 947 1705 1012 factum
1720 947 1769 1026 itu
1784 947 1872 1029 quod

575 1051 691 1142 postea
706 1049 875 1131 fugierunt
890 1048 1036 1115 nescitur
1052 1070 1127 1132 quo.
1174 1049 1302 1116 Catalla
1317 1069 1431 1116 corum
1454 1051 1557 1116 nulla.
1603 1050 1755 1116 Procium
1771 1051 1873 1134 gladii

576 1153 631 1234 xij.
647 1152 852 1236 d.,precium
867 1153 987 1218 hachie
1001 1153 1062 1236 iiij.
1079 1153 1111 1218 d.
1149 1153 1272 1220 Villata
1287 1153 1508 1220 daPolrcbrok
1521 1154 1746 1237 respondebit.
1785 1155 1872 1220 Item
1913 1153 1922 1172 '

576 1257 691 1322 villata
706 1256 746 1321 de
761 1255 931 1322 Polxebrok
947 1255 1026 1322 dicit
1041 1277 1099 1340 per
1115 1277 1149 1323 se
1165 1258 1252 1340 quod
1268 1257 1348 1324 dicti
1363 1256 1566 1341 Reginaldus
1582 1261 1614 1322 et
1630 1258 1827 1340 Radulphus
1842 1258 1873 1322 lc

577 1360 751 1444 Chapman
767 1362 929 1426 venerunt
945 1381 1003 1443 per
1018 1364 1211 1444 preceptum
1227 1361 1307 1426 dicti
1323 1361 1449 1426 domini
1471 1361 1640 1445 Radulphi
1655 1362 1814 1430 Porthors
1830 1361 1873 1426 ad

577 1465 713 1530 domum
736 1464 815 1532 dicti
839 1465 1005 1530 iohannis
1028 1466 1068 1530 de
1083 1465 1232 1558 Weldon'
1249 1466 1292 1532 sd
1315 1465 1501 1530 ducendam
1524 1465 1715 1531 Johannam
1738 1486 1873 1531 uxorem

471 1643 475 1652 ,
577 1571 649 1654 ejus
667 1570 710 1636 ad
733 1570 861 1636 curiam
885 1570 964 1637 dicti
990 1570 1309 1655 domini'Radulphi
1331 1571 1490 1636 Porthors
1511 1573 1545 1636 et
1559 1577 1681 1654 ponere
1704 1571 1812 1654 ipsam
1837 1571 1873 1634 in
1915 1571 1921 1580 '

577 1673 687 1758 cappis
711 1672 780 1738 suls
803 1677 836 1740 et
859 1695 927 1739 non
950 1673 1009 1739 alit
996 1677 1057 1739 t.er
1098 1675 1149 1739 Et
1169 1677 1362 1759 preceptum
1385 1679 1435 1740 cst
1421 1675 1498 1740 t.R
1522 1675 1563 1740 dc
1585 1675 1669 1742 Vecr
1689 1675 1874 1741 vicecomiti

472 1837 475 1845 .
576 1777 660 1858 Nort
660 1779 694 1842 h’
646 1777 832 1864 tpredict
833 1799 870 1844 cs
818 1754 1058 1844 tdominnm
1070 1779 1285 1898 Radulphum
1300 1777 1703 1862 Porthors,Regii1aldum
1715 1779 1874 1845 Porthors

577 1889 610 1951 et
625 1885 840 1968 Radulphum
855 1885 885 1950 ls
902 1885 1077 1969 Chapman
1093 1905 1219 1970 capere.

493 2127 527 2158 m
642 2095 770 2162 Accidit
785 2095 899 2180 apud
893 2029 1086 2161 Tichemers
1102 2095 1155 2161 dic
1170 2096 1265 2161 Lune
1280 2117 1361 2180 prox
1363 2096 1467 2162 'ente
1489 2097 1613 2162 festum
1631 2095 1744 2164 Sancti
1760 2095 1875 2162 Jacobi
1939 2099 1945 2110 '

576 2201 727 2284 Apostoli
739 2220 828 2266 anno
844 2189 1297 2286 isgniregisEdwardixxix.
1310 2199 1544 2284 quodquidam
1560 2201 1727 2266 Henricus
1739 2201 1874 2284 Wymer

578 2305 618 2370 de
642 2304 832 2370 Tichemors
848 2301 981 2368 debuit¹
1007 2303 1110 2385 ligare
1137 2306 1301 2368 carectam
1325 2323 1421 2367 suam
1446 2306 1619 2368 oneratam
1641 2303 1682 2368 dc
1707 2305 1792 2382 leno,
1816 2325 1874 2386 per

496 2455 499 2462 -
577 2405 799 2475 infortunium
819 2405 936 2472 cecidit
964 2406 1007 2472 ad
1033 2409 1157 2471 terram
1181 2427 1239 2490 per
1266 2406 1353 2489 quod
1383 2387 1481 2488 fregit
1503 2407 1624 2470 collum
1648 2407 1736 2471 unde
1761 2408 1875 2472 statim

578 2510 791 2577 moriebatur.
837 2510 1016 2594 Inquisicio
1038 2509 1116 2576 inde
1138 2511 1225 2576 facta
1248 2530 1359 2576 coram
1383 2511 1423 2576 G.
1440 2511 1480 2575 de
1502 2511 1634 2594 Lolligt'
1651 2533 1709 2594 ρετ
1732 2511 1791 2594 iiij.
1808 2511 1875 2576 vill'

578 2613 729 2698 propinq’
761 2613 911 2680 videlicet
943 2613 1142 2691 Tichemers‚
1175 2613 1295 2696 Trapst
1296 2634 1368 2690 one,
1400 2613 1512 2696 Thorp
1542 2634 1619 2678 cum
1650 2613 1813 2679 Achirche
1843 2615 1877 2680 et

579 2719 749 2802 cloptona
776 2737 838 2801 que
861 2717 1041 2782 dicuntut
1003 2719 1179 2800 utsupra.
1225 2718 1272 2783 Et
1303 2717 1418 2783 dicunt
1447 2717 1561 2783 villata
1591 2717 1678 2802 quod
1708 2717 1876 2808 neminem

578 2823 704 2890 habent
719 2825 910 2938 suspectum
932 2820 998 2886 nisi
1021 2821 1124 2886 infort
1109 2821 1251 2886 tunium.
1297 2821 1449 2888 Precium
1473 2825 1600 2888 carecta
1623 2843 1700 2886 cum
1722 2822 1878 2888 hernesio
1917 2871 1919 2875 ,

579 3029 769 3138 'Tichemers
784 3027 1006 3113 respondebit.

502 3271 515 3302 ο
644 3241 773 3310 Accidit
758 3241 1054 3326 tapudWadenho
1066 3241 1118 3308 die
1133 3241 1229 3307 Luna
1244 3243 1332 3327 prox'
1349 3245 1427 3308 ante
1439 3243 1561 3308 festum
1577 3241 1691 3308 Sancti
1703 3241 1880 3308 Laurencii

581 3367 671 3418 anno
692 3345 787 3429 regni
808 3344 895 3428 regis
918 3345 1075 3412 Edwardi
1097 3346 1179 3410 xxix.
1196 3347 1283 3430 quod
1306 3327 1442 3430 quidam
1465 3347 1587 3412 Robert
1589 3367 1628 3412 us
1650 3346 1739 3411 filius
1755 3345 1879 3412 Julian’
1971 3413 1976 3422 ,

582 3452 623 3517 de
646 3451 818 3518 Wadenho
844 3449 1000 3515 inventus
1031 3449 1093 3514 luit
1125 3450 1356 3530 submersus
1346 3471 1382 3514 rn
1413 3449 1557 3534 quadam
1587 3451 1731 3549 riparis²
1762 3451 1880 3516 subtus

582 3553 755 3622 Wadenho
779 3554 907 3620 nullam
931 3553 1057 3618 habens
1083 3553 1227 3636 plagam
1272 3553 1378 3636 Alicia
1408 3575 1499 3620 soror
1524 3555 1596 3638 ejus
1620 3555 1727 3638 primo
1754 3553 1881 3620 invenit

584 3679 673 3724 eum.
718 3656 822 3740 Plagii
847 3657 918 3740 ejus
943 3656 1065 3723 Robert
1068 3676 1107 3720 us
1129 3656 1218 3722 filius
1234 3657 1322 3724 Wslt
1324 3657 1372 3722 eri
1391 3657 1430 3722 dc
1445 3657 1673 3724 Wadenhot
1640 3661 1673 3722 et
1697 3658 1882 3724 Willelmus

477 3837 481 3846 Ι
584 3760 734 3828 Mordak.
779 3759 958 3844 Inquisicic
981 3759 1058 3826 inde
1080 3760 1169 3826 iacta
1184 3780 1296 3826 coram
1312 3761 1353 3828 G.
1369 3760 1408 3826 dc
1424 3761 1556 3842 Lolligt'
1574 3782 1632 3844 ρετ
1648 3761 1707 3845 iiij.
1724 3761 1791 3826 vill'
1808 3781 1882 3844 pro·

490 3939 497 3950 J
585 3865 675 3950 pinq’
701 3865 851 3932 videlicet
874 3863 1055 3942 Wadenho‚
1080 3859 1254 3943 Pilkston’,
1272 3864 1383 3948 Thorp
1405 3886 1481 3930 cum
1504 3865 1676 3932 Achirche.
1721 3865 1769 3932 Et
1786 3865 1883 3930 Alde·

586 3970 710 4056 wynole
737 3968 941 4034 summonita
963 3988 1031 4034 non
1053 3968 1154 4034 venir.
1201 3969 1270 4052 Que
1293 3955 1408 4036 dicunt
1431 3991 1489 4052 ρετ
1514 3973 1759 4036 sacramentum
1784 3991 1901 4044 suum·

587 4074 675 4158 quod
700 4073 808 4138 dictus
835 4071 1000 4138 Robertus
1031 4071 1144 4138 debuit
1166 4071 1314 4138 balniarc
1340 4072 1377 4138 in
1402 4073 1545 4158 quodam
1568 4073 1638 4138 loco
1661 4073 1718 4158 qui
1747 4075 1884 4138 vocatur

587 4177 694 4244 Forth
716 4175 805 4244 infra
820 4175 943 4242 dictam
966 4173 1126 4258 ripariam
1148 4177 1181 4241 et
1204 4195 1262 4262 ρετ
1280 4174 1501 4244 infortunium
1518 4199 1552 4242 se
1568 4175 1679 4262 ipsum
1695 4177 1884 4264 submersit,

588 4284 622 4350 et
638 4281 753 4350 dicunt
768 4295 826 4365 per
842 4282 1089 4346 sacramentum
1105 4300 1204 4347 suum
1220 4281 1307 4368 quod
1323 4281 1426 4350 nichil
1441 4280 1531 4348 aliud
1548 4282 1669 4347 sciurit.
1849 4281 1853 4290 '

364 4577 368 4584 Ι
442 4525 553 4558 ames·
656 4491 784 4558 Accidit
800 4491 889 4576 apud
912 4489 1101 4556 Tichemsrs
1117 4489 1169 4572 die
1184 4491 1280 4557 Lune
1302 4493 1393 4576 prox'
1411 4496 1485 4577 post
1502 4493 1623 4558 festum
1642 4493 1757 4561 Sancti
1773 4472 1889 4560 Jacobi

510 4697 515 4706 ¹
590 4597 740 4682 Apostoli
761 4615 851 4662 anno
872 4594 966 4679 regni
988 4595 1075 4678 regis
1098 4595 1255 4662 Edwardi
1270 4595 1353 4662 xxix.
1370 4597 1457 4680 quod
1480 4597 1617 4682 quidam
1639 4597 1824 4666 Willelmus
1847 4599 1888 4662 de

626 4782 634 4812 ¹
652 4743 703 4830 For
714 4779 761 4830 the
777 4777 899 4842 meaning
910 4779 938 4830 ol
956 4779 1009 4829 this
1021 4755 1160 4840 wordiam·
1170 4777 1215 4830 the
1265 4779 1368 4840 printed
1385 4777 1466 4829 below
1485 4778 1513 4828 in
1533 4779 1619 4830 which
1635 4779 1690 4833 this
1702 4779 1772 4832 word
1790 4793 1889 4838 occurs,

594 4847 725 4909 Glossary.
1265 4845 1311 4898 the
1323 4845 1371 4898 roll
1383 4845 1432 4897 has
1444 4847 1535 4911 riJur'.

627 4915 637 4944 ²
655 4911 710 4964 MS.
728 4909 841 4977 quodum
861 4911 960 4976 ripcr’3
979 4911 1007 4960 iu
1027 4910 1063 4962 cll
1080 4909 1124 4961 the
1142 4925 1215 4962 cases
1381 4933 1387 4944 ·
