4364 5736
576 503 620 574 91
1045 519 1251 574 cononnns’
1278 520 1407 575 nonus.

575 693 745 774 fregerunt
772 691 805 756 et
829 690 916 756 bona
937 693 970 756 et
993 690 1114 756 catalla
1138 687 1174 754 in
1197 689 1322 756 eisdem
1345 691 1483 756 inventa
1506 693 1665 776 ceperunt
1688 695 1721 758 ct
1741 690 1879 758 felonicc

575 798 831 880 asportaverunt
853 799 970 860 contra
992 816 1119 879 pacem,
1144 815 1203 878 per
1230 796 1317 879 quod
1344 795 1516 860 hutesium
1542 817 1704 880 magnum
1730 798 1878 862 levatum

576 901 640 966 suit
655 901 704 966 ita
719 900 806 984 quod
818 900 930 983 plures
946 899 1022 964 laici
1038 903 1301 983 supervenerunt
1314 899 1356 964 ad
1368 900 1634 983 perturbandum
1650 901 1878 967 malefactores

575 1004 753 1090 predictos.
799 1005 846 1070 Et
862 1011 1039 1089 postquam
1054 1005 1225 1089 predictus
1240 1005 1343 1070 Fulco
1359 1005 1576 1088 sagittaverat
1599 1027 1715 1072 omnes
1738 1007 1878 1090 sagittas

577 1133 656 1177 suas
687 1113 766 1176 tunc
794 1111 885 1176 venit
916 1112 958 1177 ad
990 1111 1125 1176 domum
1156 1110 1316 1176 Edwardi
1345 1111 1385 1176 de
1416 1111 1520 1176 Hales
1550 1115 1583 1177 et
1614 1113 1738 1178 Basilis
1769 1113 1879 1177 uxoris

577 1238 636 1282 sue
655 1217 752 1300 juxta
775 1215 946 1281 ecclesiam
969 1215 1072 1280 Beate
1096 1214 1202 1280 Marie
1216 1214 1364 1298 Virginis
1387 1219 1420 1280 et
1444 1215 1569 1280 dietam
1589 1216 1725 1281 domum
1740 1215 1878 1282 viriliter

577 1320 753 1386 insultavit
777 1341 854 1384 cum
879 1319 953 1386 aliis
978 1319 1019 1385 de
1043 1319 1201 1386 societate
1226 1341 1286 1384 sua
1317 1319 1374 1403 qui
1404 1320 1558 1386 volebant
1589 1320 1712 1386 dictam
1743 1320 1879 1386 domurn

578 1425 722 1490 intrasse
753 1427 786 1490 et
816 1425 904 1490 bona
933 1424 969 1488 in
999 1424 1115 1490 eadem
1145 1424 1325 1491 existencia
1355 1424 1563 1508 depredasse.
1622 1425 1680 1492 ser
1709 1425 1879 1510 predictus

578 1529 762 1596 Edwardus
779 1532 872 1594 stans
888 1528 922 1592 in
939 1528 1083 1612 quodam
1099 1527 1219 1594 solario
1232 1528 1428 1594 defendebat
1443 1528 1579 1594 domum
1596 1550 1692 1595 suam
1707 1551 1783 1595 cum
1800 1551 1879 1595 arcu

579 1656 639 1702 suc
666 1637 699 1700 et
724 1635 762 1700 ut
791 1633 960 1717 predictus
992 1633 1095 1698 Fulco
1124 1633 1267 1716 respexit
1300 1633 1388 1699 ultra
1413 1633 1555 1716 targiam
1584 1655 1681 1700 suam
1711 1634 1880 1718 predictus

578 1741 764 1808 Edwardus
787 1739 958 1823 sagittavit
981 1759 1058 1804 eum
1081 1737 1117 1802 in
1138 1739 1233 1805 oculo
1249 1738 1385 1804 sinistro
1400 1759 1458 1821 per
1474 1739 1562 1822 quod
1578 1739 1658 1804 obiit
1675 1737 1727 1804 die
1741 1739 1880 1805 Veneris

579 1846 770 1929 supradicto
793 1847 843 1910 set
865 1842 984 1909 habuit
1008 1843 1120 1909 omnia
1139 1843 1218 1927 jura
1240 1843 1463 1910 ecelesiastica
1489 1846 1522 1909 et
1545 1843 1626 1910 vixit
1652 1863 1710 1927 per
1737 1846 1879 1927 quatuor

941 3301 1204 3355 HUNDREDUM
1230 3301 1282 3354 DE
1309 3301 1528 3356 BAMPTONE.

646 3448 825 3533 Inquisicic
851 3451 950 3531 capta
973 3449 1063 3532 apud
1093 3447 1256 3514 Buricrde
1286 3447 1339 3512 die
1369 3447 1506 3514 Veneris
1537 3449 1627 3531 prox'
1653 3449 1728 3532 post
1755 3449 1878 3512 testum

580 3555 697 3624 Sancti
720 3553 947 3620 Bartholomei
970 3553 1120 3636 Apostoli
1147 3573 1236 3618 anno
1259 3552 1355 3636 regni
1372 3553 1460 3636 regis
1485 3553 1619 3618 Ricardi
1644 3552 1781 3618 secundi
1804 3554 1879 3636 post

578 3664 796 3746 conquestum
812 3659 955 3725 secundo
982 3679 1093 3725 coram
1118 3658 1273 3724 Johanne
1299 3658 1417 3743 Hardy
1440 3663 1634 3724 coronatore
1650 3657 1778 3724 domini
1792 3656 1879 3739 regis

579 3767 615 3831 in
645 3766 807 3832 comitatu
838 3764 940 3830 Oxon’
973 3764 1166 3846 assignatc³
1197 3764 1236 3828 de
1261 3767 1369 3829 morte
1401 3764 1541 3829 Isabelle
1571 3763 1683 3830 uxoris
1713 3762 1879 3829 iohannis

420 3886 457 3914 ¹⁰
480 3886 502 3915 ¹¹·
581 3870 744 3938 Sherman
780 3889 880 3952 super
906 3868 1015 3933 visum
1049 3867 1196 3952 corporis
1223 3868 1276 3934 sui
1305 3889 1364 3953 per
1390 3871 1672 3934 sacramentum.
1698 3869 1754 3932 ..⁴
1815 3866 1879 3948 Qui

423 4039 478 4066 m
505 3987 543 4016 ¹¹¹¹
579 3974 696 4040 dicunt
711 3993 769 4056 per
786 3976 1033 4038 sacramentum
1049 3993 1147 4036 suum
1171 3973 1257 4056 quod
1274 3973 1413 4055 contigit
1435 3973 1525 4056 apud
1540 3972 1702 4038 Boriorde
1718 3970 1769 4036 die
1786 3969 1807 4036 J
1808 3970 1879 4036 ovis

427 4077 442 4116 s
481 4079 489 4099 ¹
579 4080 670 4165 prcr’
687 4082 762 4162 post
780 4078 906 4143 dictum
923 4077 1047 4142 festum
1065 4077 1180 4144 Sancti
1195 4077 1424 4145 Bartholomei
1447 4079 1531 4144 hora
1553 4079 1664 4162 prima
1687 4077 1773 4161 quod
1790 4077 1879 4141 dicta

579 4185 722 4252 Ieabella
747 4181 907 4248 braciavit
934 4183 967 4247 et
997 4179 1084 4264 cepit
1113 4201 1217 4246 unam
1249 4183 1373 4249 scalam
1400 4185 1434 4248 et
1455 4181 1604 4248 aseendit
1630 4203 1729 4266 super
1754 4181 1878 4245 dietam

580 4290 704 4356 scalam
719 4291 752 4353 et
772 4285 876 4352 voluit
897 4304 1033 4368 querere
1056 4284 1192 4350 boscum
1216 4306 1315 4368 super
1337 4307 1444 4351 unum
1467 4283 1625 4350 solarium
1650 4304 1751 4368 supra
1773 4304 1877 4367 quan·

580 4396 658 4460 dam
683 4395 851 4458 fornacem
882 4391 1016 4475 plenam
1048 4411 1133 4474 aque
1163 4390 1279 4456 calide.
1324 4391 1370 4456 Et
1398 4391 1486 4456 dicta
1516 4389 1658 4456 Isabella
1690 4389 1807 4454 deiecit
1839 4388 1879 4454 de

579 4498 719 4584 pedibus
735 4495 804 4562 suis
819 4515 917 4579 super
934 4494 1057 4560 dietam
1073 4493 1197 4560 scalam
1212 4497 1246 4560 et
1262 4495 1378 4560 cecidit
1398 4495 1434 4559 in
1449 4493 1539 4560 dicta
1554 4494 1687 4558 fornace
1703 4495 1736 4558 et
1752 4491 1797 4557 sic
1815 4491 1878 4556 fuit

615 4647 622 4675 ¹
640 4641 752 4692 Edward
763 4657 815 4691 was
827 4640 950 4699 attested,
958 4640 1004 4689 but
1016 4640 1127 4702 escaped
1139 4641 1206 4690 lrom
1291 4641 1301 4670 ⁸
1317 4639 1457 4705 Aeaipaalo
1468 4639 1496 4688 in
1507 4639 1562 4689 this
1573 4638 1632 4688 Roll
1644 4637 1696 4688 and
1714 4637 1741 4687 in
1752 4636 1811 4687 Roll
1830 4637 1878 4686 1³6

580 4710 678 4775 prison,
696 4707 747 4757 fied
761 4711 788 4758 tc
805 4713 953 4770 sanctuary,
966 4706 1017 4757 and
1035 4705 1143 4768 abjured
1162 4707 1206 4756 the
1258 4721 1341 4757 seems
1353 4711 1380 4756 to
1392 4722 1469 4756 mean
1482 4707 1540 4755 that
1552 4705 1597 4755 the
1610 4720 1717 4754 coroner
1727 4719 1781 4754 was
1793 4705 1877 4752 nomi·

580 4777 669 4827 realm.
705 4772 1143 4839 (oxfordGilyDccumcnts.174.)
1256 4773 1335 4822 nsted
1352 4773 1385 4836 by
1397 4772 1442 4822 the
1457 4773 1527 4834 king,
1539 4771 1591 4821 and
1609 4776 1655 4821 not
1672 4769 1769 4821 elected
1787 4769 1815 4818 in
1832 4769 1878 4820 the

613 4840 699 4892 ’Roll
732 4843 787 4896 132.
825 4839 937 4890 thirteen
972 4838 1143 4900 membranae,
1172 4841 1204 4888 42
1255 4843 1445 4900 countyccurt.
1479 4839 1518 4888 Gi.
1531 4839 1590 4889 Rct.
1604 4839 1694 4888 Clam.
1707 4837 1724 4886 i.
1737 4838 1794 4886 560.

580 4909 651 4961 ndu.
664 4909 745 4959 lla-7
757 4905 833 4957 Rich.
845 4905 879 4956 11.
1289 4907 1298 4934 ⁴
1315 4905 1414 4956 Twelve
1424 4919 1523 4956 nemea.
1589 4907 1622 4936 Η
1640 4901 1746 4955 Crcascd
1759 4905 1812 4952 out.
