4302 5734
1021 551 1229 606 conoxnlts·
1256 551 1385 605 ROLLS.

1020 985 1392 1084 [renascitur]

620 1322 800 1407 Inquisicio
823 1327 920 1407 capta
945 1345 1056 1390 coram
1083 1323 1233 1390 Gerardo
1259 1323 1299 1390 de
1323 1322 1506 1406 Brunneby
1531 1341 1598 1386 uno
1622 1325 1859 1388 coronatorum

553 1427 698 1493 civitatis
713 1428 814 1494 Ebor’
831 1428 884 1494 dic
900 1429 996 1494 Luna
1011 1431 1101 1513 prox’
1118 1433 1193 1514 post
1217 1429 1340 1494 festum
1365 1428 1481 1495 Sancti
1504 1426 1676 1492 Edmundi
1699 1425 1860 1511 Episcopi

554 1553 643 1597 anuo
668 1533 762 1616 regni
786 1533 873 1616 regis
900 1534 1057 1599 Edwardi
1083 1533 1178 1600 tercii
1204 1537 1279 1618 post
1306 1536 1525 1617 conquestum
1549 1533 1596 1596 1¹³⁰
1622 1553 1721 1616 super
1747 1531 1860 1596 visum

554 1635 699 1719 corporis
715 1637 880 1702 iohannis
896 1638 936 1702 de
953 1638 1144 1703 Thorntone
1161 1637 1355 1704 saudleder²
1370 1659 1429 1721 per
1452 1636 1527 1720 iiij⁰¹
1542 1636 1717 1722 parochias
1732 1635 1860 1701 scilicet

453 1769 490 1797 na
557 1740 671 1805 Sancti
687 1739 859 1806 Michaelis
874 1740 910 1805 in
926 1741 956 1807 le
972 1742 1122 1827 Berfray,
1141 1741 1257 1809 Sancti
1280 1789 1290 1807 .
1314 1790 1322 1808 .
1347 1744 1369 1807 .³
1387 1741 1502 1808 Sancti
1522 1741 1667 1809 wilfridi
1682 1745 1716 1806 et
1733 1742 1858 1808 Sancte

399 1923 424 1948 Η
449 1921 466 1948 w
555 1843 659 1909 Elene
670 1865 729 1928 ρετ
741 1849 987 1912 sacramentum
1006 1895 1014 1911 .
1031 1895 1039 1911 .
1058 1849 1080 1912 .⁴
1089 1847 1291 1931 juratorum,
1303 1847 1360 1931 qui
1371 1847 1487 1914 dicunt
1500 1850 1858 1932 supersectamantum

555 1969 653 2014 suum
669 1949 756 2032 quod
773 1949 942 2016 Johannes
958 1950 1046 2035 Lilly
1060 1954 1093 2018 et
1117 1951 1288 2018 Johannes
1311 1952 1352 2017 de
1374 1951 1509 2036 Burghe
1531 1952 1696 2018 tailliours
1719 1951 1859 2016 felonice

554 2053 792 2120 interfecerunt
807 2055 993 2138 predictum
1009 2056 1198 2122 Johannem
1215 2057 1255 2122 de
1271 2057 1463 2123 Thorntone
1478 2077 1556 2122 cum
1572 2057 1701 2123 duobus
1715 2054 1859 2122 cultellis

554 2157 771 2242 percuciendo
786 2180 862 2225 eum
878 2159 913 2224 in
926 2159 1061 2227 sinistra
1076 2165 1171 2245 parts
1186 2160 1332 2244 corporis
1347 2161 1504 2244 usquead
1517 2182 1572 2227 cor
1583 2161 1632 2227 ita
1643 2160 1730 2244 quod
1741 2159 1860 2226 statim

555 2262 770 2330 moriebatur.
816 2265 969 2330 Precium
985 2265 1106 2331 cultell’
1123 2265 1158 2350 ij.
1175 2265 1207 2330 d.
1254 2265 1349 2332 Bona
1364 2269 1397 2330 et
1413 2265 1534 2332 catalla
1549 2265 1697 2330 felonum
1713 2263 1817 2329 nulla.

624 2580 803 2664 Inquisicio
829 2585 927 2666 capta
950 2601 1062 2648 coram
1085 2581 1233 2650 Gerardo
1257 2583 1296 2649 de
1321 2583 1503 2668 Brunneby
1530 2603 1597 2648 uuo
1623 2583 1860 2648 coronatorum

559 2685 703 2752 civitatis
718 2685 820 2752 Ebor’
837 2687 890 2752 die
905 2687 1026 2753 Martis
1041 2688 1077 2752 in
1101 2687 1288 2772 septimana
1311 2689 1522 2754 Pentecostes
1541 2708 1631 2754 anno
1653 2685 1748 2769 regui
1770 2685 1859 2770 regis

558 2790 715 2856 Edwardi
729 2791 824 2856 tercii
839 2795 914 2876 post
930 2795 1148 2876 conquestum
1164 2792 1201 2856 li⁰
1224 2793 1259 2857 in
1282 2793 1383 2858 thecl’
1401 2814 1500 2877 super
1523 2796 1658 2876 pontem
1683 2793 1749 2858 Use
1768 2792 1861 2874 jur’⁶

557 2915 616 2979 ρετ
632 2893 686 2978 xij.
700 2894 767 2978 jur'
784 2899 925 2978 quatuor
949 2897 1182 2980 parochiarum
1206 2897 1330 2962 scilicet
1354 2946 1362 2962 .
1388 2945 1396 2962 .
1423 2897 1444 2961 .⁷
1461 2917 1559 2980 super
1581 2895 1689 2960 visum
1712 2895 1860 2978 corporis

558 2998 723 3064 Johannis
749 2999 789 3064 de
813 3000 993 3084 Layburne
1016 3000 1154 3066 felonice
1177 2999 1352 3067 interfecti.
1399 2999 1462 3082 Qui
1486 3001 1600 3066 dicunt
1626 3020 1724 3084 super
1750 3020 1858 3064 sacra·

558 3106 709 3168 mentum
726 3125 824 3169 suum
840 3103 927 3188 quod
950 3125 1025 3169 cum
1048 3105 1216 3189 predictus
1240 3105 1410 3171 Johannes
1433 3105 1473 3170 de
1496 3104 1675 3189 Layburns
1698 3106 1860 3186 tanquam

559 3207 750 3274 subbalivus
765 3207 909 3274 civitatis
924 3208 1026 3274 Ebor’
1044 3212 1077 3275 et
1093 3209 1246 3274 minister
1262 3209 1388 3274 domini
1404 3208 1490 3292 regis
1506 3208 1559 3274 die
1582 3207 1703 3274 Martis
1721 3211 1754 3273 et
1770 3227 1860 3273 anno

559 3311 758 3396 supradictis
774 3313 957 3380 attachiare
972 3313 1130 3380 voluisset
1146 3313 1313 3398 quendam
1330 3314 1493 3380 Thomam
1516 3312 1684 3398 Hayward
1706 3333 1764 3396 per
1788 3332 1860 3376 sus·

559 3417 747 3500 paccionem
770 3417 945 3494 latrocinii,
962 3419 994 3483 et
1017 3418 1184 3501 predictus
1208 3417 1353 3483 Thomas
1375 3438 1443 3482 non
1459 3416 1657 3502 permittens
1672 3414 1860 3500 predictum

559 3521 747 3586 Johannem
771 3521 880 3606 ipsum
903 3522 1066 3586 Thomam
1089 3521 1273 3587 attachiare
1296 3542 1356 3586 nec
1379 3523 1421 3586 ad
1444 3522 1549 3605 legem
1575 3523 1663 3586 stare
1686 3523 1736 3585 set
1759 3519 1861 3584 traxit

559 3625 729 3691 cultellum
746 3647 844 3692 suum
861 3629 893 3691 et
909 3627 1071 3710 percussit
1088 3627 1273 3710 predictum
1291 3625 1479 3692 Johannem
1496 3625 1536 3691 de
1552 3625 1730 3709 Layburne
1745 3623 1861 3688 minis·

560 3734 650 3795 trum
667 3731 792 3797 domini
808 3731 893 3816 regis
910 3731 944 3794 in
961 3731 1066 3797 officio
1082 3753 1143 3797 suo
1164 3730 1314 3796 faciendo
1337 3735 1370 3795 ct
1393 3731 1503 3814 ipsum
1527 3730 1665 3796 felonice
1689 3729 1735 3793 sic
1758 3727 1860 3793 inter·

561 3835 648 3902 fecit.
674 3884 682 3902 .
708 3885 716 3901 .
742 3884 750 3902 .

628 4264 807 4350 Inquisicio
832 4269 929 4349 capta
954 4283 1064 4330 coram
1090 4261 1231 4328 Ricardo
1258 4261 1298 4328 de
1325 4261 1506 4347 Raysebek’.
1534 4283 1601 4328 uno
1628 4265 1862 4330 coronatorum

561 4371 705 4438 civitatis
729 4371 830 4437 Ebor’
856 4370 908 4436 dic
931 4369 1087 4435 Mercurii
1110 4369 1201 4453 prcx’
1227 4373 1303 4452 post
1326 4369 1448 4433 festum
1474 4367 1719 4434 Translacionis
1748 4367 1864 4436 Sancti

562 4476 686 4543 Thome
709 4473 859 4542 Martiris
884 4495 973 4540 anno
996 4473 1090 4557 regni
1113 4472 1198 4556 regis
1222 4471 1355 4538 Ricardi
1379 4471 1516 4538 secundi
1538 4473 1645 4555 primo
1669 4494 1766 4557 super
1789 4472 1865 4538 visu

597 4681 603 4711 ¹
622 4679 681 4731 Roll
700 4681 757 4738 219,
781 4677 895 4730 thirteen
918 4675 1093 4736 membranas,
1118 4691 1187 4726 sewu
1272 4679 1281 4707 ⁴
1299 4675 1400 4726 Twelve
1412 4691 1511 4726 names.

562 4747 613 4797 end
625 4753 652 4797 to
664 4747 714 4796 end
731 4747 787 4795 into
805 4761 853 4794 cue
872 4745 945 4808 strip,
965 4747 997 4796 37
1014 4744 1086 4792 Edw.
1104 4743 1186 4792 III.-l
1272 4745 1282 4772 ⁸
1300 4743 1360 4792 Two
1373 4742 1491 4804 inquests
1501 4741 1562 4791 held
1574 4741 1661 4792 batere
1673 4742 1704 4791 G.
1717 4742 1743 4791 oi
1759 4741 1868 4806 Bumby

563 4813 637 4863 Rich.
650 4814 693 4872 ΙΙ.,
705 4813 857 4873 containing
870 4813 988 4873 inquests
1000 4811 1027 4859 in
1040 4811 1085 4860 the
1097 4810 1150 4873 city
1161 4811 1188 4858 oi
1239 4809 1272 4872 by
1284 4809 1342 4859 four
1353 4808 1473 4871 perishas
1485 4808 1518 4870 by
1530 4808 1575 4858 the
1584 4808 1646 4858 cath
1659 4809 1686 4858 oi
1697 4807 1787 4858 twelve
1796 4824 1867 4868 men,

563 4879 631 4930 rora
644 4879 676 4942 by
689 4878 778 4932 tuelvc
790 4891 850 4928 men
864 4879 928 4926 from
943 4879 1000 4926 four
1012 4877 1140 4939 parishes.
1239 4876 1311 4936 April
1324 4875 1376 4924 and
1390 4877 1461 4937 Sept.
1475 4878 1548 4926 1377.

595 4948 605 4975 ²
624 4945 677 4997 sa.
844 4947 853 4974 ³
870 4943 956 4994 Blank
968 4943 995 4992 in
1007 4944 1052 4993 the
1065 4942 1122 4992 roll.
1272 4945 1281 4969 ⁸
1300 4942 1351 4993 Sic.
1494 4945 1501 4970 ³
1520 4940 1621 4990 Twelve
1633 4953 1731 4990 names.
