4326 5722
596 549 618 624 5
1070 519 1277 626 coronensi
1303 571 1432 627 eones.

591 739 724 823 lenguit
739 739 893 824 usquein
909 739 1093 807 erastinum
1107 740 1141 808 S.
1151 741 1273 808 Hilleri
1283 728 1372 809 enno
1384 741 1479 826 regni
1488 740 1575 826 regis
1585 741 1722 810 Henriei
1736 744 1763 808 1⁰
1773 743 1891 829 primo,

593 848 627 910 et
651 845 769 912 hebuit
792 846 870 930 jure
897 867 958 913 sne
984 846 1205 913 ecclesiastice
1229 856 1262 913 et
1289 851 1370 914 tune
1394 847 1487 914 obiit.
1532 848 1578 914 Et
1601 869 1661 933 pro
1683 848 1783 916 dubio
1805 849 1892 920 dicte

592 949 726 1016 lesionis
742 951 855 1016 villete
870 952 877 988 ¹
894 951 1140 1016 mandaverunt
1156 953 1413 1018 coronatorem.²
1691 957 1693 962 ’

659 1057 837 1140 Inquisitio
853 1059 941 1123 fecte
957 1078 1067 1123 eorem
1089 1057 1131 1124 G.
1147 1057 1325 1126 Rouleund
1351 1059 1546 1124 coronatore
1567 1078 1625 1142 per
1652 1057 1712 1144 iiij.
1729 1059 1796 1124 vill'
1813 1080 1890 1146 pro-

592 1161 682 1247 pinq’
709 1153 832 1227 scilieet
855 1161 974 1238 Elone,
999 1161 1267 1239 Wibeudestone,
1293 1162 1529 1228 Ohslvesterne
1555 1166 1589 1228 et
1616 1162 1795 1229 Colesdene
1829 1184 1889 1249 pro

593 1287 661 1332 nne
676 1267 800 1344 villete,
817 1269 850 1332 et
867 1266 1012 1350 Sulbiry‚
1029 1287 1092 1350 qne
1108 1265 1223 1332 dieunt
1239 1267 1326 1350 qnod
1342 1271 1481 1333 sanetus
1497 1267 1561 1332 fuit
1583 1267 1624 1332 de
1650 1268 1738 1333 diets
1764 1268 1888 1335 lesione

592 1375 625 1437 et
652 1371 738 1455 qnod
768 1391 836 1435 non
859 1371 940 1437 obiit
963 1371 1003 1437 de
1026 1371 1114 1438 diets
1138 1371 1261 1437 lesione
1284 1375 1334 1437 set
1357 1391 1416 1454 per
1437 1370 1667 1438 infirmitatem
1691 1373 1886 1457 predictam.

592 1477 717 1543 Tamen
732 1479 923 1562 preceptum
939 1477 1091 1562 estquod
1107 1477 1215 1542 dietus
1230 1477 1251 1542 J
1253 1477 1401 1542 ohnnnee
1416 1477 1614 1544 eteohietur.

652 2111 831 2196 Inquisioio
847 2112 935 2178 fecte
957 2131 1068 2178 eorem
1097 2111 1131 2178 S.
1154 2112 1252 2178 Rullo
1276 2115 1469 2179 coronatore
1492 2132 1551 2196 per
1578 2110 1638 2196 iiij.
1662 2112 1730 2178 vill’
1746 2111 1881 2197 propin-

586 2219 727 2303 quiores,
759 2216 993 2294 Colmmorthe,
1029 2216 1187 2294 wildene,
1222 2217 1467 2294 Chelvesterne‚
1505 2217 1781 2302 Wybeudestone‚
1819 2239 1882 2302 que

587 2323 703 2389 dieunt
719 2321 804 2388 siout
819 2321 1005 2406 predictum
1020 2325 1081 2398 est,
1097 2325 1130 2387 et
1146 2321 1249 2387 nichil
1265 2323 1375 2388 sciunt
1389 2321 1455 2386 nisi
1471 2323 1703 2388 infortunium.

652 2513 799 2599 Contigit
835 2514 923 2598 npud
962 2511 1168 2580 Colworthe⁸
1204 2511 1257 2578 die
1293 2511 1384 2578 Jovie
1421 2514 1512 2596 prox’
1550 2515 1630 2578 ente
1666 2511 1881 2579 Dominioem

585 2621 778 2686 Pelmerunr
794 2639 882 2685 enno
897 2619 922 2683 l⁰
939 2617 1047 2702 primo
1063 2617 1150 2700 qnod
1170 2615 1294 2682 Emme
1316 2615 1386 2682 filie
1409 2615 1568 2682 Gileberti
1591 2617 1772 2684 Cereoterii
1794 2621 1882 2684 etate

585 2727 727 2792 duorum
743 2743 909 2790 annorum
924 2722 984 2788 ivit
1000 2719 1143 2786 ludendo
1159 2720 1312 2787 inviset
1332 2719 1448 2785 cecidit
1473 2721 1509 2784 in
1533 2721 1675 2804 quodem
1702 2721 1825 2788 loeseto
1848 2725 1882 2788 et

583 2853 642 2916 per
672 2827 894 2896 infortunium
922 2825 1099 2892 submersit
1127 2847 1176 2892 se.
1221 2825 1268 2892 Et
1295 2825 1400 2890 Alieie
1429 2827 1537 2891 meter
1562 2825 1634 2910 ejus
1658 2825 1785 2892 invenit
1807 2848 1881 2893 sem

583 2936 691 3020 primo
707 2938 740 3000 et
755 2932 883 3000 invenit
898 2931 1022 3016 plegios
1037 2931 1238 2999 Willelmnm
1255 2929 1481 2998 Gereoterium
1496 2933 1529 2997 et
1544 2929 1747 2998 Willelmum
1770 2931 1880 2998 Nene-

583 3061 664 3106 men
679 3039 720 3105 de
736 3037 965 3106 Gelmworthe.

649 3142 829 3229 Inquieioio
859 3142 947 3207 seete
977 3161 1089 3205 eorem
1121 3139 1156 3206 S.
1187 3137 1285 3205 Ruffo
1315 3142 1507 3205 coronatore
1537 3159 1595 3223 per
1625 3138 1685 3224 iiij.
1712 3140 1779 3206 vill'
1804 3161 1880 3226 pro-

582 3249 784 3335 pinquiores,
801 3246 1001 3322 Golmorthe,
1020 3245 1207 3322 Stouttone,
1222 3243 1373 3311 Wildene
1388 3250 1422 3313 et
1444 3244 1669 3324 Bollenhurst‚
1686 3267 1749 3331 que
1764 3246 1879 3314 dieunt

583 3355 670 3441 quod
685 3353 788 3420 niohil
803 3352 887 3419 eliut
903 3351 1012 3417 seiunt
1028 3349 1093 3416 nisi
1108 3349 1339 3415 infortunium.
1655 3391 1658 3396 -

645 3881 825 3969 Inquisieio
856 3882 945 3947 lecte
974 3901 1086 3946 eorem
1118 3877 1152 3948 S.
1182 3877 1280 3943 Rullo
1310 3880 1502 3944 coronatore
1532 3899 1591 3963 per
1621 3877 1681 3962 iiij.
1705 3877 1772 3942 vill’
1799 3897 1873 3962 pro·

578 3989 777 4075 pinquiores,
793 3985 1039 4063 Revenesdene,
1054 3984 1213 4060 wildene,
1236 3983 1404 4060 Bereford,
1425 3981 1655 4066 Goldingtone
1672 4003 1736 4067 que
1759 3981 1874 4048 dieunt

569 4097 664 4180 'quod
679 4095 907 4160 malefectores
923 4089 1053 4174 ingnoti
1068 4089 1213 4154 inerunt.

645 4279 791 4389 Conligit
821 4285 910 4387 apud
938 4301 1049 4366 Etone
1078 4297 1130 4363 die
1157 4295 1248 4362 Jovis
1274 4299 1364 4379 prox’
1389 4299 1463 4380 post
1488 4297 1611 4362 festum
1637 4295 1871 4380 Apostolorum

577 4411 668 4478 Petri
682 4413 716 4476 et
731 4408 836 4475 Pelli⁴
852 4427 941 4474 enno
954 4407 981 4470 1⁰
995 4404 1103 4489 primo
1119 4401 1205 4486 quod
1220 4400 1422 4483 Regineldus
1448 4401 1530 4468 sled
1553 4401 1593 4466 de
1615 4401 1724 4466 Elone
1746 4420 1872 4466 messor

577 4515 741 4584 Johennis
764 4512 946 4579 Frsuneeie
969 4509 1029 4576 ivit
1049 4508 1084 4573 in
1111 4507 1217 4592 pratis
1242 4507 1281 4572 de
1305 4506 1414 4571 Elone
1439 4507 1482 4572 ed
1508 4509 1645 4591 prelum
1669 4505 1796 4570 domini
1819 4504 1872 4570 sui

576 4620 830 4689 custodiendum
846 4623 879 4684 el
901 4615 1018 4684 hebuit
1041 4613 1194 4680 morbum
1217 4611 1378 4677 eedueum
1401 4613 1435 4678 et
1457 4605 1574 4678 oeeidit
1601 4614 1635 4678 et
1658 4608 1775 4678 statim
1790 4609 1872 4676 obiit

675 4905 682 4934 ¹
701 4901 756 4952 MS.
768 4901 833 4953 oill'.
1032 4899 1041 4928 ²
1059 4898 1112 4948 MS.
1124 4897 1218 4947 ceron'.
1416 4895 1426 4925 ¹
1444 4892 1498 4946 Sic.
1697 4895 1706 4925 ⁴
1724 4893 1778 4948 Sic.
