4326 5722
599 591 647 664 20
1065 609 1272 666 conouues’
1295 609 1426 666 ucria.

664 779 750 845 Item
774 780 888 847 eadem
903 779 1014 846 Aubre
1036 780 1158 864 apellat
1175 779 1374 847 Mauricium
1390 777 1492 864 Figge
1507 779 1623 846 eodem
1638 780 1736 848 modo
1752 801 1790 849 eo
1806 782 1893 868 quod

598 885 686 951 idem
702 885 884 950 Mauricius
900 885 1008 951 tenuit
1024 884 1134 970 ipsum
1149 905 1207 970 per
1222 884 1340 951 tibiam
1356 884 1539 951 sinistram.

665 990 751 1055 Item
773 990 887 1056 eadem
910 990 1021 1056 Aubre
1043 989 1165 1075 apellat
1187 989 1391 1057 Willelmum
1417 989 1524 1054 filium
1546 988 1703 1056 willelmi
1726 991 1829 1075 Figge
1852 991 1892 1058 de

598 1095 864 1180 Wybaudestone
886 1117 925 1162 ec
952 1095 1038 1180 quod
1065 1095 1153 1161 idem
1177 1095 1361 1163 Willelmus
1388 1094 1486 1160 modo
1511 1087 1658 1178 predicto
1684 1097 1792 1162 tenuit
1819 1118 1893 1181 pre·

599 1201 724 1268 dictum
749 1201 933 1269 Walterum
957 1223 1015 1285 per
1039 1201 1157 1268 tibiam
1181 1201 1330 1267 dextram
1355 1220 1455 1278 anne,
1481 1199 1551 1267 loco
1575 1203 1609 1266 ct
1632 1201 1715 1267 hora
1744 1202 1892 1285 predicta

598 1305 749 1390 nequiter
765 1306 850 1372 sicut
866 1307 995 1373 telonus
1010 1311 1126 1374 contra
1140 1326 1256 1390 pacem
1279 1303 1406 1372 domini
1423 1304 1521 1389 regis.
1566 1305 1613 1371 ut
1628 1305 1691 1372 hoc
1706 1306 1801 1374 offert
1816 1328 1890 1392 pro·

597 1411 676 1478 bare
692 1415 729 1478 ut
745 1433 857 1496 supra.

553 1504 556 1510 ’
666 1517 732 1582 ¹Et
755 1516 818 1582 hoe
840 1515 935 1583 offert
962 1516 1050 1583 dicta
1072 1515 1182 1582 Aubre
1204 1516 1344 1600 probare
1370 1515 1422 1582 vel
1445 1513 1667 1582 disracionere
1693 1537 1808 1583 versus
1835 1537 1890 1583 eos

596 1624 758 1705 tanquam
773 1643 888 1689 versus
904 1623 1027 1688 telonea
1042 1622 1078 1687 iu
1094 1627 1258 1706 quantum
1281 1621 1373 1687 curie
1391 1619 1518 1686 domiui
1532 1620 1619 1704 regis
1634 1621 1890 1688 consideraverit

597 1727 684 1809 quod
702 1727 821 1793 mulier
843 1726 983 1811 probare
998 1726 1050 1792 vel
1073 1727 1166 1810 sequi
1189 1729 1297 1812 potest
1313 1726 1364 1792 vel
1387 1725 1483 1792 debet
1498 1746 1613 1791 versus
1635 1726 1798 1792 homines.
1843 1727 1890 1793 Et

596 1831 626 1896 si
649 1831 831 1919 dciee[er]it
854 1831 890 1896 in
913 1835 1003 1897 secta
1025 1853 1084 1916 per
1106 1835 1248 1898 mortem
1264 1831 1315 1897 vel
1337 1851 1396 1915 per
1412 1829 1643 1896 infirmitatem
1666 1829 1807 1896 Matilda
1822 1831 1891 1898 filia

597 1958 659 2003 sua
680 1937 823 2021 optulit²
840 1957 875 2003 se
897 1937 995 2004 modo
1017 1937 1165 2022 predicto
1184 1937 1277 2022 sequi
1292 1935 1343 2004 vel
1365 1936 1506 2021 probare
1521 1955 1636 2002 versus
1652 1935 1816 2020 predictos
1831 1957 1890 2021 per

596 2042 719 2125 plegios
736 2044 773 2107 ut
789 2041 912 2126 supra.¹

662 2147 747 2212 Item
764 2146 806 2211 ad
821 2146 1017 2212 comitatum
1032 2146 1112 2212 Bed'
1129 2145 1181 2212 die
1197 2145 1292 2211 Lune
1308 2143 1343 2209 in
1367 2145 1452 2211 festo
1476 2145 1511 2212 S.
1527 2144 1657 2211 Andree
1672 2145 1783 2211 Aubre
1798 2145 1889 2212 venit

595 2253 629 2316 et
645 2251 792 2334 sequitur
808 2251 952 2336 apellum
975 2271 1074 2316 suum
1097 2271 1211 2316 versus
1226 2249 1410 2316 Walterum
1427 2248 1528 2316 Smod
1552 2297 1562 2316 .
1587 2297 1597 2316 .
1622 2249 1654 2328 .³,
1671 2249 1728 2333 qui
1752 2250 1888 2317 fuerunt

594 2353 702 2438 primo
724 2353 930 2438 interrogati,
953 2375 1021 2420 non
1038 2358 1212 2420 venerunt.
1257 2353 1354 2420 ⁴Ideo
1377 2355 1475 2421 datus
1498 2353 1562 2421 fuit
1584 2353 1654 2420 dies
1677 2354 1763 2420 dicte
1777 2355 1888 2421 Aubre

596 2479 700 2542 usque
715 2459 757 2524 ad
773 2459 959 2543 proximum
974 2459 1171 2527 comitatum
1186 2481 1245 2544 per
1256 2459 1420 2544 judicium
1436 2459 1638 2526 comitatus.⁴

661 2564 746 2629 Item
768 2565 811 2630 ad
833 2564 1028 2631 comitatum
1051 2565 1131 2631 Bed’
1148 2565 1201 2632 die
1223 2566 1319 2631 Lune
1341 2567 1432 2649 prox'
1448 2567 1526 2633 ante
1549 2566 1671 2633 festum
1695 2565 1887 2634 NativitatIs

593 2669 728 2735 Domini
749 2669 896 2753 predicta
916 2669 1026 2738 Aubre
1046 2671 1137 2738 venit
1159 2674 1193 2737 et
1212 2671 1359 2755 sequitur
1383 2671 1526 2755 apellum
1548 2693 1647 2737 suum
1667 2693 1782 2738 versus
1797 2672 1885 2740 Wal-

593 2777 703 2839 terum
728 2773 830 2841 Smod
855 2822 865 2839 .
890 2821 899 2841 .
925 2822 945 2853 .,
962 2774 1018 2860 qui
1043 2775 1178 2841 fuerunt
1201 2775 1239 2860 ij0
1262 2775 1468 2859 interrogati,
1484 2796 1552 2842 non
1567 2779 1741 2854 venerunt.
1787 2777 1887 2844 ⁵Ideo

593 2879 692 2945 datus
716 2879 780 2944 fuit
803 2879 873 2945 dies
895 2879 981 2946 dicte
996 2880 1107 2947 Aubre
1121 2901 1180 2966 por
1199 2880 1363 2966 judicium
1386 2880 1564 2948 comitatus
1586 2901 1691 2966 usque
1713 2881 1756 2947 ad
1778 2881 1887 2966 proxi·

593 3006 687 3050 mum
703 2984 898 3050 comitatum
914 2984 1064 3051 videlicet
1079 2987 1115 3051 in
1131 3007 1161 3052 v.
1178 2986 1406 3071 septimanas.⁶

659 3091 745 3156 Item
768 3089 810 3154 ad
834 3089 1028 3156 comitatum
1044 3091 1125 3157 Bed'
1141 3091 1193 3158 die
1217 3091 1312 3156 Lune
1334 3091 1471 3158 infesto
1491 3090 1722 3158 conversionis
1739 3092 1774 3160 S.
1790 3092 1887 3158 Pauli

593 3215 682 3261 anno
704 3195 789 3280 l⁰vj¹⁰
804 3195 915 3260 Aubre
930 3195 971 3260 de
985 3195 1165 3264 Hokewold
1180 3196 1270 3264 venit
1294 3196 1329 3261 in
1348 3195 1446 3282 pleno
1462 3195 1623 3262 comitatu
1639 3201 1671 3263 et
1688 3197 1886 3282 sequebatur

592 3301 736 3383 apellum
749 3321 847 3365 suum
858 3321 971 3366 versus
982 3299 1165 3368 Walterum
1180 3301 1281 3369 Smod
1306 3351 1315 3367 .
1340 3350 1348 3367 .
1373 3351 1393 3381 .,
1407 3303 1463 3385 qui
1476 3302 1611 3368 fuerunt
1629 3302 1730 3367 tercio
1745 3302 1883 3370 interro·

593 3405 662 3488 gati
684 3426 744 3488 pro
766 3407 872 3470 morte
895 3405 1033 3472 Walteri
1056 3405 1096 3471 de
1119 3407 1298 3472 Hokewold
1321 3410 1354 3474 et
1377 3427 1444 3472 non
1463 3411 1637 3473 venerunt.
1683 3406 1762 3474 Ideo
1785 3407 1884 3474 datus

593 3509 656 3575 fuit
672 3509 742 3574 dies
758 3507 844 3574 dicte
859 3509 969 3574 Aubre
984 3530 1088 3593 usque
1103 3510 1145 3576 ad
1161 3511 1347 3594 proximum
1363 3510 1569 3577 comitatum.

659 3615 744 3680 Item
761 3613 804 3679 ad
820 3613 1017 3680 comitatum
1032 3615 1112 3680 Bed'
1126 3615 1179 3680 die
1194 3615 1290 3682 Lune
1306 3616 1341 3681 in
1358 3617 1442 3682 sesto
1457 3616 1621 3683 cathedre
1638 3616 1672 3685 S.
1689 3615 1780 3682 Petri
1795 3637 1884 3682 anno

591 3719 674 3804 l⁰vj⁸⁰
696 3719 806 3784 Aubre
829 3719 868 3784 de
891 3719 1069 3786 Hokewold
1092 3720 1182 3786 venit
1205 3725 1238 3787 et
1261 3721 1459 3806 sequebatur
1482 3721 1626 3806 apellum
1651 3743 1749 3788 suum
1770 3743 1884 3788 versus

592 3824 775 3893 Walterum
798 3824 898 3892 Smod
921 3825 961 3891 de
984 3825 1144 3891 comitatu
1162 3825 1349 3906 Somerset',
1366 3825 1424 3911 qui
1439 3825 1503 3893 fuit
1519 3830 1637 3910 quarto
1660 3825 1883 3911 iuterrogatus

592 3933 626 3996 et
650 3951 717 3995 non
735 3930 837 4009 venit,
853 3951 914 3996 nec
938 3929 1058 4014 aliquis
1081 3932 1297 4016 manucepit.⁶
1342 3933 1420 4000 Ideo
1442 3953 1501 4017 per
1520 3932 1684 4018 judicium
1706 3933 1884 4001 comItatus

419 4053 529 4104 unger.
592 4036 771 4118 utlagatus.

657 4143 743 4208 Item
766 4141 882 4208 eadem
897 4141 1026 4208 Aubre⁷
1049 4143 1246 4229 sequebatur
1269 4144 1413 4228 epellum
1437 4163 1536 4210 suum
1551 4164 1666 4210 versus
1690 4191 1699 4209 .
1724 4192 1733 4207 .
1758 4146 1782 4208 ‚⁸
1836 4144 1883 4210 Et

591 4245 680 4314 dieta
710 4248 821 4314 Aubre
851 4249 1029 4316 atornata⁹
1056 4251 1107 4316 est
1137 4271 1248 4316 coram
1276 4249 1471 4335 justiciariis
1500 4248 1536 4314 in
1567 4247 1672 4316 banco
1703 4248 1745 4316 ad
1774 4271 1883 4333 prose·

593 4629 620 4664 ln
633 4613 662 4660 A.

626 4679 635 4708 ²
653 4677 706 4727 MS!
719 4681 767 4742 φ’.

625 4745 635 4774 ⁸
653 4744 708 4793 The
720 4759 809 4793 names
818 4746 845 4796 ci
855 4745 899 4797 the
906 4745 981 4798 other
988 4763 1066 4799 seven
1075 4748 1212 4813 appellees.
1297 4752 1307 4779 ⁸

625 4813 658 4843 Η
675 4811 727 4861 Not
739 4810 809 4862 inB.
1296 4815 1467 4880 'adornatus
1478 4816 1509 4866 B.
