4326 5722
604 611 650 682 19
1071 627 1280 684 coaounns'
1305 628 1435 683 nonis.

600 799 745 866 Waltero
761 798 808 863 'de
832 797 1011 864 Hohewold
1032 797 1182 882 nequiter
1207 803 1240 865 et
1264 799 1299 864 in
1327 797 1447 866 lelonia
1470 796 1599 863 insultu
1623 796 1841 881 premeditato
1863 802 1900 864 et

603 907 719 969 contra
741 923 856 986 pacem
882 903 1008 968 domini
1030 905 1117 988 regis
1140 905 1225 971 sicut
1248 905 1376 971 telonus
1398 924 1487 970 anno
1509 901 1664 986 predicto,
1680 903 1751 968 loco
1766 907 1799 968 et
1814 902 1898 968 hora

601 1029 678 1074 cnm
693 1008 840 1092 predicta
856 1007 978 1074 hachia
992 1009 1095 1074 oiert¹
1114 1009 1202 1075 dicta
1214 1009 1324 1074 Aubre
1339 1009 1478 1092 probare
1488 1007 1541 1072 vel
1550 1005 1771 1072 disracionarc
1783 1026 1896 1073 versus

602 1134 678 1178 eum
702 1115 864 1195 tanquam
888 1133 1004 1178 versus
1029 1113 1170 1180 solonem
1196 1113 1232 1178 in
1259 1117 1421 1198 quantum
1446 1111 1538 1178 curia
1560 1110 1686 1176 domini
1707 1110 1794 1194 regis
1819 1131 1895 1176 oon·

602 1217 794 1284 sideraverit
820 1217 907 1301 quod
937 1217 1057 1284 mulier
1081 1222 1189 1302 potest
1214 1219 1267 1285 vel
1290 1219 1386 1285 debet
1411 1215 1503 1301 sequi
1532 1215 1583 1280 vel
1613 1215 1752 1299 probare
1783 1235 1896 1280 versus

602 1322 781 1388 hominem.
827 1321 874 1388 Et
889 1321 1018 1388 hrvcnit
1034 1323 1158 1406 plegios
1181 1323 1221 1388 de
1243 1321 1470 1408 prosequendo
1492 1319 1672 1386 Ricardum
1688 1319 1727 1386 dc
1743 1319 1898 1387 Golstonc

602 1428 791 1494 Iohannem
816 1475 824 1492 .
848 1476 857 1491 .
882 1428 906 1492 .²
929 1427 969 1492 de
984 1428 1261 1512 Wybaudestone.

669 1533 755 1597 Item
765 1532 880 1598 eadem
890 1532 1000 1598 Aubre
1015 1533 1136 1616 apellat
1149 1534 1344 1599 Osebertum
1361 1533 1401 1599 de
1412 1532 1462 1598 Ba
1474 1551 1512 1597 eo
1522 1530 1608 1614 qnod
1620 1529 1707 1594 idem
1720 1528 1898 1594 Osebertus

602 1657 738 1720 presens
754 1657 842 1702 anno
858 1636 1014 1720 predicto,
1030 1639 1101 1704 loco
1116 1642 1149 1703 et
1165 1638 1247 1703 hora
1262 1638 1407 1721 precepit
1422 1637 1509 1702 dicto
1521 1636 1666 1702 Waltero
1682 1633 1783 1700 ieloni
1797 1633 1898 1698 istam

603 1741 759 1806 icloniam
786 1741 893 1806 lacere
923 1745 956 1808 ct
979 1741 1088 1825 ipsum
1112 1746 1272 1826 tanquam
1303 1743 1432 1808 telonus
1462 1743 1569 1806 iacere
1599 1739 1686 1816 fecit,
1709 1743 1743 1804 et
1771 1737 1897 1802 dictum

604 1847 744 1911 lelcnem
760 1849 834 1929 post
851 1846 1006 1912 feloniam
1030 1848 1241 1912 commissam
1266 1851 1299 1913 et
1323 1851 1401 1913 ante
1425 1845 1615 1929 receptavit,
1631 1853 1665 1910 et
1681 1843 1785 1908 eciam
1810 1841 1896 1926 quod

604 1949 870 2034 Osebertusjecit
882 1951 1007 2016 dictum
1019 1951 1203 2019 Walterum
1213 1951 1318 2016 filium
1329 1971 1427 2016 suum
1438 1971 1513 2016 cum
1523 1969 1627 2015 manu
1639 1969 1700 2013 sua
1709 1946 1823 2012 dextra
1835 1945 1896 2010 sub

605 2041 757 2121 auditum
773 2076 848 2120 cum
866 2077 968 2122 manu
990 2078 1051 2122 sua
1067 2079 1087 2123 a
1102 2061 1197 2140 parte
1221 2057 1357 2124 sinistra
1372 2078 1447 2122 cum
1473 2078 1541 2122 una
1556 2059 1651 2140 petra
1674 2074 1737 2137 que
1761 2055 1897 2118 vocatur

604 2160 735 2224 coilun³
750 2161 901 2243 nequiter
917 2164 950 2226 et
967 2161 1003 2226 in
1019 2162 1139 2228 felonia
1154 2165 1186 2226 et
1209 2161 1336 2228 insultu
1358 2161 1577 2245 premeditato
1599 2162 1632 2224 et
1651 2161 1767 2224 contra
1781 2175 1896 2240 pacem

605 2263 731 2328 domini
746 2265 831 2346 regis
848 2265 1086 2348 sicuticlcnus,
1102 2267 1150 2332 ita
1165 2267 1252 2350 quod
1268 2267 1296 2331 si
1319 2267 1359 2332 de
1381 2265 1550 2332 antedicta
1572 2265 1670 2348 plaga
1685 2283 1752 2327 non
1775 2260 1898 2326 obisset

605 2369 644 2432 de
660 2355 728 2433 ictu
743 2369 799 2434 illo
814 2369 946 2436 obisset.
984 2371 1031 2437 Et
1046 2371 1107 2436 hoc
1122 2371 1217 2437 oliert
1233 2371 1322 2437 dicta
1336 2371 1447 2436 Aubre
1462 2370 1600 2453 probare
1609 2369 1662 2434 vel
1677 2365 1898 2432 disracionare

604 2475 786 2539 secundum
813 2475 900 2558 quod
927 2476 1019 2542 curia
1045 2476 1171 2542 domini
1198 2477 1284 2561 regis
1315 2475 1572 2542 consideraverit
1599 2477 1759 2555 tanquam
1782 2489 1897 2536 versus

604 2579 757 2643 telonem.
803 2579 905 2662 Plagii
921 2583 958 2645 ut
974 2601 1084 2664 supra.

671 2683 758 2748 Item
773 2683 889 2748 eadem
904 2685 1014 2750 Aubre
1029 2685 1184 2769 appelat⁴
1202 2685 1398 2751 Nicholaum
1413 2684 1454 2751 de
1469 2684 1519 2750 Ba
1535 2685 1670 2750 fratrem
1686 2679 1835 2748 Oseberti
1857 2680 1897 2745 de

606 2788 656 2851 Ba
668 2787 708 2851 de
719 2787 753 2852 vi
768 2790 802 2853 et
817 2788 939 2855 auxilio
955 2811 993 2855 eo
1008 2791 1094 2873 quod
1110 2790 1198 2856 idem
1214 2791 1392 2856 Nicholaus
1408 2811 1497 2857 anno
1512 2789 1669 2872 predicto,
1681 2787 1750 2852 loco
1766 2789 1798 2852 et
1814 2784 1898 2851 hora

605 2892 714 2957 tenuit
739 2891 846 2958 filium
872 2913 971 2958 suum
996 2915 1071 2959 cum
1096 2896 1257 2961 ambabus
1281 2895 1437 2961 manibus
1462 2915 1521 2978 per
1545 2892 1719 2958 brachium
1744 2891 1897 2955 dextrum

605 2997 685 3061 dum
701 2996 894 3064 interfectus
918 2999 992 3078 fuit,
1009 3001 1041 3064 et
1057 2999 1144 3083 quod
1166 3021 1234 3064 non
1257 3000 1450 3065 interiectus
1473 3001 1559 3063 esset
1581 2996 1647 3062 nisi
1671 2996 1781 3079 ipsum
1802 2995 1899 3058 tenu·

456 3130 496 3159 cu.
605 3101 696 3166 isset.
743 3101 789 3168 Et
805 3103 892 3186 quod
908 3103 969 3170 hoc
993 3103 1069 3169 iecit
1085 3104 1236 3188 nequiter
1252 3109 1284 3170 et
1300 3105 1335 3169 in
1352 3103 1473 3169 felonia
1488 3107 1521 3168 et
1536 3101 1664 3168 insultu
1679 3097 1899 3184 premeditato

605 3205 692 3270 sicut
710 3206 839 3271 telonus
854 3207 949 3272 offert
964 3208 1103 3291 probare
1118 3229 1232 3274 versus
1248 3230 1335 3287 eum,
1351 3212 1413 3275 etc.

672 3311 758 3376 Item
787 3311 902 3376 eadem
926 3312 1037 3378 Aubre
1059 3313 1182 3397 apellat
1205 3315 1366 3380 Thomam
1392 3315 1506 3382 Snou⁵
1521 3311 1562 3378 de
1583 3309 1744 3376 comitatu
1769 3309 1898 3376 Sumer-

605 3419 689 3480 sette
714 3437 752 3482 eo
780 3417 866 3500 quod
893 3417 981 3483 idem
1006 3419 1150 3484 Thomas
1176 3439 1265 3485 anno
1287 3418 1444 3502 predicto,
1471 3417 1541 3483 loco
1567 3419 1601 3482 et
1623 3415 1707 3480 hora
1736 3411 1899 3498 percussit

603 3521 790 3586 'Walterum
814 3522 922 3586 filium
946 3543 1044 3588 suum
1069 3543 1144 3587 cum
1170 3543 1236 3588 uno
1263 3523 1379 3589 baculo
1403 3523 1443 3588 de
1469 3521 1580 3588 corulo
1602 3541 1700 3603 super
1724 3517 1897 3582 brachium

605 3624 781 3691 sinistrum
797 3625 885 3692 inter
900 3649 1039 3692 manum
1055 3631 1088 3694 et
1104 3628 1263 3706 cubitum,
1275 3629 1341 3694 ¹hoc
1357 3629 1433 3694 iecit
1456 3627 1606 3710 nequiter
1622 3631 1655 3692 et
1670 3625 1706 3689 in
1721 3623 1843 3690 telonia
1865 3625 1898 3686 et

605 3729 732 3794 insultu
763 3731 983 3814 premeditato
1013 3732 1098 3799 sicut
1128 3733 1267 3800 felonus.
1323 3734 1370 3800 Et
1399 3734 1462 3800 hoc
1491 3733 1586 3800 offert
1615 3730 1755 3816 probare
1784 3748 1899 3796 versus

602 3855 689 3910 eum,
705 3839 768 3900 etc.

673 3941 759 4006 Item
783 3940 898 4006 eadem
921 3942 1032 4007 Aubre
1055 3941 1176 4025 apellat
1199 3943 1387 4009 Iohannem
1410 3943 1451 4008 de
1465 3942 1639 4008 Herdewilr
1655 3963 1693 4007 eo
1709 3939 1796 4025 quod
1811 3938 1899 4005 idem

606 4044 777 4110 Iohannes
792 4046 954 4128 percussit
969 4045 1154 4114 Walterum
1169 4047 1275 4112 lilium
1291 4069 1390 4112 suum
1406 4069 1481 4112 cum
1502 4067 1569 4112 uno
1584 4045 1700 4112 baculo
1723 4045 1763 4110 de
1786 4045 1899 4128 ireyne

605 4149 720 4214 eodem
751 4171 850 4229 anno,
874 4152 945 4218 loco
976 4155 1009 4217 et
1039 4152 1123 4218 hora
1148 4173 1225 4218 cum
1255 4153 1416 4219 ambabus
1442 4153 1597 4218 manibus
1620 4152 1689 4218 suis
1712 4154 1899 4216 extraverso

606 4257 735 4322 lumbos
762 4257 913 4341 nequiter
927 4262 974 4324 et
996 4257 1032 4322 in
1057 4259 1178 4324 telonia
1204 4262 1237 4324 et
1259 4258 1386 4325 insultu
1408 4259 1626 4343 premeditato
1653 4257 1738 4324 sicut
1760 4256 1899 4322 telonus.

606 4357 653 4423 Et
669 4358 731 4424 hoc
746 4359 841 4424 offert
856 4360 995 4442 probare
1011 4363 1048 4426 ut
1064 4380 1175 4444 supra.

674 4463 762 4528 Item
786 4463 900 4528 eadem
917 4464 1029 4530 Aubre
1051 4466 1173 4548 apellat
1188 4464 1372 4530 Henricum
1387 4465 1489 4548 Figge
1512 4465 1552 4530 de
1573 4463 1839 4548 Wybaudestone
1862 4481 1901 4526 eo

609 4567 696 4650 quod
712 4567 800 4630 idem
818 4567 1187 4646 Henricusann0,10co
1210 4573 1242 4634 et
1265 4569 1348 4634 hora
1370 4569 1517 4653 predicta
1541 4569 1647 4634 tenuit
1671 4568 1796 4632 dictum
1812 4565 1900 4633 Wal-

608 4673 716 4734 terum
739 4692 816 4735 cum
840 4673 1002 4738 ambabus
1024 4673 1179 4738 manibus
1203 4673 1272 4738 suis
1295 4695 1353 4757 per
1376 4675 1496 4739 collum
1520 4675 1599 4738 dum
1622 4672 1815 4738 interiectus
1838 4670 1902 4734 luit

606 4776 757 4858 nequiter
774 4775 857 4842 etin
874 4778 994 4843 felonia
1010 4779 1095 4868 sicut
1111 4778 1239 4844 selonus
1255 4781 1288 4844 ct
1303 4783 1418 4844 contra
1434 4801 1548 4862 pacem
1565 4779 1691 4844 domini
1713 4777 1809 4860 regis.
1854 4777 1902 4840 Et

606 4881 700 4946 offert
716 4882 855 4965 probare
873 4885 909 4946 ut
926 4903 1037 4966 supra.

606 5009 680 5060 ¹Sic.
731 5011 837 5060 ²Blank
848 5011 875 5059 in
889 5011 1033 5070 lllS.;Jolr'
1047 5012 1145 5064 Moriot
1155 5013 1185 5062 B.
1232 5015 1355 5078 ³lroplun
1366 5015 1396 5064 B.
1447 5016 1522 5066 *Sia
1573 5011 1903 5067 5δεῙηιοηοτδοὶιποιιΒ.
