4302 5734
392 772 538 812 Holderneese

394 870 546 912 Intortrnlum

395 2371 544 2414 intortunium

572 569 642 640 122
1040 585 1247 640 cononicus
1273 584 1401 639 nouus

638 754 816 838 Inquisicio
831 759 930 842 capta
952 757 1041 840 apud
1057 757 1354 822 Fuliorthecoram
1376 755 1505 840 prefato
1528 753 1656 839 Rogero
1680 759 1874 823 coronatore

573 859 625 926 die
640 861 778 926 Veneris
800 863 891 945 prox'
909 863 988 928 ante
1012 862 1136 926 festum
1160 859 1372 926 Invencionis
1397 861 1518 926 Sancte
1535 860 1651 926 Crucis
1674 882 1764 926 anno
1779 859 1875 944 regni

572 964 659 1048 regis
685 965 824 1049 predicti
845 965 1001 1032 Edwardi
1024 965 1117 1030 tercii
1139 967 1215 1048 post
1240 967 1457 1047 conquestum
1484 964 1601 1046 Anglie
1620 964 1874 1048 quadragesimo

574 1072 691 1152 quarto
716 1091 814 1154 super
842 1071 914 1136 visu
943 1070 1088 1154 corporis
1115 1069 1254 1134 Isabelle
1282 1069 1322 1132 de
1353 1068 1537 1150 Popultone
1567 1089 1625 1151 per
1650 1068 1873 1133 infortunium

573 1172 743 1238 submersa
767 1195 826 1257 par
851 1174 1006 1240 Fullorth
1031 1194 1094 1256 que
1117 1173 1294 1256 respondet
1321 1193 1381 1256 pro
1406 1173 1549 1254 quatuor
1571 1171 1696 1238 villatis
1711 1194 1780 1238 una
1795 1193 1873 1236 cum

572 1277 626 1358 xij.
643 1277 834 1343 hominibus
854 1278 1004 1344 videlicet
1028 1326 1036 1342 .
1061 1326 1069 1342 .
1095 1325 1103 1342 .
1130 1278 1137 1314 ¹
1160 1276 1294 1360 juratis.
1341 1277 1540 1340 Presentant
1564 1297 1662 1360 super
1685 1297 1872 1342 sacramen·

572 1383 646 1444 tum
662 1401 759 1445 suum
777 1383 865 1465 quod
887 1381 1036 1465 predicta
1058 1381 1200 1447 Isabella
1222 1380 1286 1457 die,
1304 1401 1393 1445 anno
1415 1383 1449 1445 et
1471 1380 1542 1445 loco
1562 1381 1719 1464 predictis
1735 1381 1874 1446 inventa

573 1485 637 1550 luit
654 1485 837 1565 submersa,
855 1485 997 1568 qualiter
1014 1506 1072 1550 seu
1088 1505 1153 1569 quo
1168 1485 1266 1551 modo
1281 1484 1415 1568 penitus
1431 1483 1614 1568 ignoratur.

1038 1903 1409 2002 [1661661666]

569 2121 749 2177 ROTULUS
792 2119 953 2174 RICARDI
995 2121 1129 2174 HAYNE
1167 2120 1432 2175 CORONA'PORIS
1468 2117 1701 2175 LIBERTATIS
1734 2119 1872 2176 SANCTI

1046 2208 1246 2263 LEONARDI
1270 2209 1392 2262 EBOR'.

636 2353 823 2430 Hevvorthe,
854 2351 1115 2438 Huntyngdone,
1154 2351 1314 2420 Stektonc
1341 2357 1374 2418 et
1407 2351 1550 2418 Cliltone
1580 2372 1649 2416 una
1679 2373 1756 2417 cum
1781 2401 1789 2418 .
1815 2401 1823 2417 .
1850 2354 1873 2417 ‚³

565 2459 688 2541 juratis
715 2449 911 2541 presentant
942 2457 1028 2541 quod
1060 2457 1112 2522 die
1141 2455 1279 2523 Sabbati
1315 2457 1405 2540 prox'
1437 2459 1511 2540 post
1550 2457 1673 2521 festum
1711 2457 1872 2522 Omnium

571 2564 771 2630 Sanctorum
787 2583 876 2628 anno
892 2561 985 2644 regni
1002 2561 1088 2644 regis
1111 2560 1245 2627 Ricardi
1270 2560 1407 2626 secundi
1422 2563 1496 2643 post
1518 2563 1737 2643 conquestum
1752 2560 1871 2643 Anglie

570 2666 697 2733 decimo
709 2666 744 2730 in
760 2687 848 2750 aqua
864 2666 903 2731 de
919 2667 1021 2731 Fossa
1034 2666 1130 2749 juxta
1145 2665 1324 2729 Heworthe
1340 2663 1488 2747 Rogerus
1501 2663 1541 2728 dc
1557 2663 1691 2746 Lilling’
1709 2664 1871 2746 equitavit

568 2792 667 2854 super
682 2792 789 2835 unum
805 2791 926 2854 equum
943 2770 978 2834 in
1000 2791 1121 2853 aquam
1136 2769 1321 2853 predictam
1344 2772 1377 2832 et
1403 2768 1572 2851 predictus
1587 2769 1689 2851 equs⁴
1713 2769 1871 2834 titubavit

567 2897 625 2959 per
651 2875 735 2957 quod
764 2873 871 2939 dictus
886 2875 1034 2956 Rogerus
1061 2873 1177 2939 cecidit
1202 2873 1236 2937 in
1261 2873 1385 2938 dictam
1406 2876 1577 2956 aquomst
1594 2872 1869 2956 sicperinfortu·

567 2979 662 3044 nium
679 2979 870 3043 submcrsus
883 2978 946 3042 fuit
959 2977 994 3041 in
1007 2998 1094 3062 aqua
1106 2977 1264 3060 predicta.
1303 2977 1349 3040 Et
1366 2975 1533 3059 predictus
1546 2996 1625 3059 equs
1637 2978 1648 3013 ⁴
1659 2977 1870 3060 appreciatur

566 3103 625 3166 per
651 3082 755 3147 dictos
774 3079 970 3167 jur[atores]
996 3081 1103 3146 6111.
1129 3081 1161 3145 1.
1185 3081 1273 3164 unde
1298 3081 1417 3144 domus
1447 3081 1561 3146 Sancti
1583 3081 1751 3146 Leonardi
1766 3081 1868 3146 Ebor‘

567 3187 789 3270 respondebit.
844 3186 1002 3250 Inventor
1027 3184 1197 3250 lohannes
1230 3184 1368 3268 Smythe
1399 3183 1456 3268 qui
1486 3184 1708 3250 committitur
1732 3185 1868 3252 villatis.

566 3291 667 3356 Visus
681 3309 740 3372 per
756 3288 936 3355 Ricardum
952 3289 1073 3373 Hayne
1089 3292 1327 3355 coronatorem.

633 3500 750 3576 Aoum,
768 3499 954 3582 Knaptonc,
970 3497 1119 3562 Askham
1135 3500 1168 3562 et
1188 3496 1397 3580 Rughforthe
1417 3517 1576 3562 unacum
1593 3495 1647 3581 xij.
1660 3497 1727 3582 jur'
1746 3498 1869 3564 scilicet

568 3651 577 3667 .
603 3651 612 3668 .
637 3605 659 3667 .⁵
670 3601 793 3686 juratis
816 3603 1010 3686 presentant
1034 3599 1120 3684 quod
1144 3599 1196 3666 die
1219 3601 1315 3665 Luna
1331 3601 1420 3684 prox'
1444 3602 1520 3684 post
1540 3603 1663 3668 festum
1679 3602 1869 3688 Epiphanic

566 3705 703 3772 Domini
719 3726 808 3771 enno
824 3705 917 3788 regni
932 3704 1019 3788 regis
1034 3704 1168 3770 Ricardi
1192 3704 1328 3769 secundi
1350 3707 1425 3788 post
1449 3709 1665 3788 conquestum
1680 3707 1798 3791 Anglie
1813 3708 1869 3791 xij.

567 3812 603 3876 in
634 3811 778 3895 quodam
809 3810 880 3875 loeo
910 3813 1027 3876 vocato
1056 3809 1087 3873 16
1114 3809 1197 3874 Ρ666
1219 3807 1315 3892 juxta
1339 3809 1445 3872 Acum
1470 3809 1655 3876 Willelmus
1683 3811 1869 3877 Thomsone

566 3915 660 3980 stetit
672 3914 707 3978 in
719 3935 788 3979 una
800 3916 931 3978 carecta
946 3935 1023 3978 cum
1039 3916 1181 3996 quatuor
1197 3911 1289 3994 equis
1306 3910 1441 3976 eedem⁴
1454 3916 1581 3978 carecte
1593 3914 1731 3996 junctis,
1745 3918 1867 3980 etcum

568 4020 715 4102 fugasset
741 4017 865 4083 dictam
892 4020 1057 4082 carectum
1083 4015 1230 4081 indebite
1268 4015 1357 4080 dicta
1382 4019 1512 4082 carecta
1538 4018 1676 4083 reversit
1700 4022 1734 4084 61
1761 4019 1869 4085 dictus

566 4121 753 4191 Willelmus
790 4121 908 4186 cecidit
941 4121 1059 4187 subtus
1090 4120 1213 4184 diotam
1238 4121 1405 4184 carectum
1430 4123 1463 4185 61
1498 4141 1605 4185 unum
1633 4124 1746 4188 stoure
1781 4123 1869 4190 dicte

451 4257 457 4276 ·
567 4229 694 4292 carecta
709 4225 871 4310 percussit
896 4226 1081 4310 predictum
1097 4224 1299 4292 Willelmum
1324 4224 1359 4287 in
1385 4229 1500 4290 ventre
1517 4225 1603 4291 unde
1620 4225 1734 4292 statim
1750 4229 1869 4294 morie·

565 4330 675 4396 batur.
720 4329 767 4395 Et
783 4328 909 4395 dictum
927 4331 1038 4395 stoure
1062 4326 1271 4412 appreciatur
1294 4326 1337 4392 ad
1361 4348 1466 4392 unum
1482 4328 1616 4394 obolum
1633 4351 1761 4396 necnon
1779 4333 1869 4399 dicta

566 4435 696 4499 carecta
719 4454 797 4498 cum
819 4433 975 4516 predictis
992 4431 1095 4515 equis,
1114 4431 1142 4496 si
1157 4430 1350 4496 ⁶forisfaota
1371 4430 1559 4515 adjudicate
1583 4433 1708 4512 luerit,6
1723 4436 1765 4499 61
1780 4437 1822 4500 xl.
1840 4458 1868 4502 s.

568 4537 656 4602 unde
672 4541 705 4603 ot
721 4538 761 4602 de
776 4536 886 4622 precio
897 4536 978 4602 dicti
994 4541 1105 4602 stourc
1120 4535 1239 4600 domus
1257 4535 1372 4602 Sancti
1392 4535 1558 4601 Leonardi
1573 4537 1674 4603 Ebor'
1692 4541 1867 4624 responde-

666 4816 672 4846 ¹
691 4813 790 4863 Twelve
802 4828 900 4863 names.
1342 4814 1351 4840 ⁵
1370 4809 1471 4861 Twelve
1483 4825 1581 4861 names.

665 4882 675 4910 ²
692 4880 816 4938 11611243,
829 4895 877 4930 one
887 4881 1036 4930 membrana
1046 4881 1126 4930 10-12
1136 4878 1253 4930 Rich.11.
1339 4880 1374 4908 Μ
1391 4879 1446 4928 MS.
1454 4879 1509 4942 fcr’
1521 4878 1665 4943 adjudicor
1672 4880 1766 4944 suerit.

664 4947 675 4976 ⁸
692 4945 793 4996 Twelve
809 4961 907 4995 names.
1007 4949 1014 4976 ¹
1033 4947 1087 4998 Sic.
