<?xml version="1.0" encoding="UTF-8"?>
<!DOCTYPE html PUBLIC "-//W3C//DTD XHTML 1.0 Transitional//EN"
    "http://www.w3.org/TR/xhtml1/DTD/xhtml1-transitional.dtd">
<html xmlns="http://www.w3.org/1999/xhtml" xml:lang="en" lang="en">
 <head>
  <title>
</title>
<meta http-equiv="Content-Type" content="text/html;charset=utf-8" />
  <meta name='ocr-system' content='tesseract 3.04.00' />
  <meta name='ocr-capabilities' content='ocr_page ocr_carea ocr_par ocr_line ocrx_word'/>
</head>
<body>
  <div class='ocr_page' id='page_1' title='image "./selectcasesfrom01grosgoog_0118.png"; bbox 0 0 4372 5724; ppageno 0'>
   <div class='ocr_carea' id='block_1_1' title="bbox 589 575 1418 648">
    <p class='ocr_par' dir='ltr' id='par_1_1' title="bbox 589 575 1418 648">
     <span class='ocr_line' id='line_1_1' title="bbox 589 575 1418 648; baseline -0.002 -2"><span class='ocrx_word' id='word_1_1' title='bbox 589 575 635 648; x_wconf 82' lang='lat'>35</span> <span class='ocrx_word' id='word_1_2' title='bbox 1057 589 1263 645; x_wconf 73' lang='lat' dir='ltr'>concauus</span> <span class='ocrx_word' id='word_1_3' title='bbox 1288 589 1418 646; x_wconf 78' lang='lat' dir='ltr'>nome.</span> 
     </span>
    </p>
   </div>
   <div class='ocr_carea' id='block_1_2' title="bbox 587 759 1980 1141">
    <p class='ocr_par' dir='ltr' id='par_1_2' title="bbox 587 759 1980 1141">
     <span class='ocr_line' id='line_1_2' title="bbox 589 759 1980 844; baseline 0.001 -18"><span class='ocrx_word' id='word_1_4' title='bbox 589 762 812 828; x_wconf 84' lang='lat' dir='ltr'>¹liberabatur</span> <span class='ocrx_word' id='word_1_5' title='bbox 828 761 1031 828; x_wconf 83' lang='lat' dir='ltr'>vicecomiti¹</span> <span class='ocrx_word' id='word_1_6' title='bbox 1057 761 1098 826; x_wconf 90' lang='lat' dir='ltr'>ad</span> <span class='ocrx_word' id='word_1_7' title='bbox 1114 761 1281 844; x_wconf 83' lang='lat' dir='ltr'>gaholem‚</span> <span class='ocrx_word' id='word_1_8' title='bbox 1298 771 1331 828; x_wconf 88' lang='lat' dir='ltr'>et</span> <span class='ocrx_word' id='word_1_9' title='bbox 1348 761 1544 844; x_wconf 86' lang='lat' dir='ltr'>Radulphus</span> <span class='ocrx_word' id='word_1_10' title='bbox 1568 761 1598 826; x_wconf 92' lang='lat' dir='ltr'>le</span> <span class='ocrx_word' id='word_1_11' title='bbox 1621 759 1732 826; x_wconf 89' lang='lat' dir='ltr'>Laner</span> <span class='ocrx_word' id='word_1_12' title='bbox 1748 761 1787 827; x_wconf 91' lang='lat' dir='ltr'>de</span> <span class='ocrx_word' id='word_1_13' title='bbox 1803 761 1885 828; x_wconf 87' lang='lat' dir='ltr'>Bed&#39;</span> <span class='ocrx_word' id='word_1_14' title='bbox 1975 769 1980 776; x_wconf 90' lang='lat'>&#39;</span> 
     </span>
     <span class='ocr_line' id='line_1_3' title="bbox 587 865 1885 952; baseline -0.001 -20"><span class='ocrx_word' id='word_1_15' title='bbox 587 867 779 952; x_wconf 89' lang='lat' dir='ltr'>manucepit</span> <span class='ocrx_word' id='word_1_16' title='bbox 795 867 1017 933; x_wconf 81' lang='lat' dir='ltr'>Godetredum</span> <span class='ocrx_word' id='word_1_17' title='bbox 1033 867 1063 931; x_wconf 92' lang='lat' dir='ltr'>le</span> <span class='ocrx_word' id='word_1_18' title='bbox 1082 866 1262 932; x_wconf 85' lang='lat' dir='ltr'>Stedeman</span> <span class='ocrx_word' id='word_1_19' title='bbox 1277 867 1319 931; x_wconf 90' lang='lat' dir='ltr'>ad</span> <span class='ocrx_word' id='word_1_20' title='bbox 1335 866 1527 932; x_wconf 88' lang='lat' dir='ltr'>habendum</span> <span class='ocrx_word' id='word_1_21' title='bbox 1543 887 1619 930; x_wconf 89' lang='lat' dir='ltr'>cum</span> <span class='ocrx_word' id='word_1_22' title='bbox 1635 865 1678 930; x_wconf 91' lang='lat' dir='ltr'>ad</span> <span class='ocrx_word' id='word_1_23' title='bbox 1697 867 1885 948; x_wconf 83' lang='lat' dir='ltr'>proximum</span> 
     </span>
     <span class='ocr_line' id='line_1_4' title="bbox 587 968 1886 1054; baseline 0 -18"><span class='ocrx_word' id='word_1_24' title='bbox 587 972 793 1048; x_wconf 88' lang='lat' dir='ltr'>comitatum,</span> <span class='ocrx_word' id='word_1_25' title='bbox 810 970 867 1054; x_wconf 92' lang='lat' dir='ltr'>qui</span> <span class='ocrx_word' id='word_1_26' title='bbox 891 973 941 1036; x_wconf 90' lang='lat' dir='ltr'>est</span> <span class='ocrx_word' id='word_1_27' title='bbox 966 973 1085 1054; x_wconf 85' lang='lat' dir='ltr'>quarto</span> <span class='ocrx_word' id='word_1_28' title='bbox 1107 969 1334 1054; x_wconf 84' lang='lat' dir='ltr'>interrogatus</span> <span class='ocrx_word' id='word_1_29' title='bbox 1353 991 1412 1054; x_wconf 90' lang='lat' dir='ltr'>per</span> <span class='ocrx_word' id='word_1_30' title='bbox 1428 971 1573 1054; x_wconf 89' lang='lat' dir='ltr'>apellum</span> <span class='ocrx_word' id='word_1_31' title='bbox 1589 968 1675 1035; x_wconf 88' lang='lat' dir='ltr'>dicte</span> <span class='ocrx_word' id='word_1_32' title='bbox 1692 970 1811 1038; x_wconf 88' lang='lat' dir='ltr'>Cecilie</span> <span class='ocrx_word' id='word_1_33' title='bbox 1825 991 1886 1054; x_wconf 91' lang='lat' dir='ltr'>pro</span> 
     </span>
     <span class='ocr_line' id='line_1_5' title="bbox 588 1075 1054 1141; baseline -0.004 -1"><span class='ocrx_word' id='word_1_34' title='bbox 588 1079 694 1140; x_wconf 89' lang='lat' dir='ltr'>morte</span> <span class='ocrx_word' id='word_1_35' title='bbox 710 1075 846 1140; x_wconf 89' lang='lat' dir='ltr'>Roberti</span> <span class='ocrx_word' id='word_1_36' title='bbox 861 1075 974 1141; x_wconf 85' lang='lat' dir='ltr'>fratris</span> <span class='ocrx_word' id='word_1_37' title='bbox 991 1075 1054 1141; x_wconf 90' lang='lat' dir='ltr'>sui.</span> 
     </span>
    </p>
   </div>
   <div class='ocr_carea' id='block_1_3' title="bbox 589 1229 1926 1457">
    <p class='ocr_par' dir='ltr' id='par_1_3' title="bbox 589 1229 1926 1457">
     <span class='ocr_line' id='line_1_6' title="bbox 655 1229 1926 1349; baseline 0.002 -21"><span class='ocrx_word' id='word_1_38' title='bbox 655 1264 676 1328; x_wconf 85' lang='lat' dir='ltr'><strong>J</strong></span> <span class='ocrx_word' id='word_1_39' title='bbox 678 1262 826 1328; x_wconf 85' lang='lat' dir='ltr'>ohannes</span> <span class='ocrx_word' id='word_1_40' title='bbox 842 1265 962 1349; x_wconf 82' lang='lat' dir='ltr'>Moryn</span> <span class='ocrx_word' id='word_1_41' title='bbox 978 1264 1147 1330; x_wconf 78' lang='lat' dir='ltr'>vadiavit²</span> <span class='ocrx_word' id='word_1_42' title='bbox 1162 1285 1277 1349; x_wconf 88' lang='lat' dir='ltr'>paoem</span> <span class='ocrx_word' id='word_1_43' title='bbox 1293 1264 1449 1348; x_wconf 78' lang='lat' dir='ltr'>priorisse</span> <span class='ocrx_word' id='word_1_44' title='bbox 1465 1265 1505 1330; x_wconf 89' lang='lat' dir='ltr'>de</span> <span class='ocrx_word' id='word_1_45' title='bbox 1520 1263 1696 1329; x_wconf 83' lang='lat' dir='ltr'>Harewold</span> <span class='ocrx_word' id='word_1_46' title='bbox 1711 1267 1744 1330; x_wconf 91' lang='lat' dir='ltr'>et</span> <span class='ocrx_word' id='word_1_47' title='bbox 1759 1263 1887 1330; x_wconf 84' lang='lat' dir='ltr'>invenit</span> <span class='ocrx_word' id='word_1_48' title='bbox 1918 1229 1926 1242; x_wconf 36' lang='grc' dir='ltr'>ι</span> 
     </span>
     <span class='ocr_line' id='line_1_7' title="bbox 589 1368 1808 1457; baseline -0.002 -22"><span class='ocrx_word' id='word_1_49' title='bbox 589 1368 619 1435; x_wconf 90' lang='lat' dir='ltr'>ei</span> <span class='ocrx_word' id='word_1_50' title='bbox 634 1368 758 1452; x_wconf 83' lang='lat' dir='ltr'>plegios</span> <span class='ocrx_word' id='word_1_51' title='bbox 773 1369 989 1452; x_wconf 89' lang='lat' dir='ltr'>Radulphum</span> <span class='ocrx_word' id='word_1_52' title='bbox 1006 1371 1046 1435; x_wconf 92' lang='lat' dir='ltr'>de</span> <span class='ocrx_word' id='word_1_53' title='bbox 1061 1369 1207 1435; x_wconf 80' lang='lat' dir='ltr'>Fraxino</span> <span class='ocrx_word' id='word_1_54' title='bbox 1223 1373 1255 1434; x_wconf 91' lang='lat' dir='ltr'>et</span> <span class='ocrx_word' id='word_1_55' title='bbox 1271 1369 1435 1454; x_wconf 87' lang='lat' dir='ltr'>Henekyn</span> <span class='ocrx_word' id='word_1_56' title='bbox 1452 1369 1492 1434; x_wconf 88' lang='lat' dir='ltr'>de</span> <span class='ocrx_word' id='word_1_57' title='bbox 1508 1369 1694 1435; x_wconf 86' lang='lat' dir='ltr'>Harewold.</span> <span class='ocrx_word' id='word_1_58' title='bbox 1804 1449 1808 1457; x_wconf 30' lang='grc' dir='ltr'>Ι</span> 
     </span>
    </p>
   </div>
   <div class='ocr_carea' id='block_1_4' title="bbox 467 1563 1888 2151">
    <p class='ocr_par' dir='ltr' id='par_1_4' title="bbox 655 1563 1887 1632">
     <span class='ocr_line' id='line_1_8' title="bbox 655 1563 1887 1632; baseline 0.002 -5"><span class='ocrx_word' id='word_1_59' title='bbox 655 1563 816 1628; x_wconf 87' lang='lat' dir='ltr'>Ricardus</span> <span class='ocrx_word' id='word_1_60' title='bbox 831 1563 920 1628; x_wconf 90' lang='lat' dir='ltr'>filius</span> <span class='ocrx_word' id='word_1_61' title='bbox 935 1563 1092 1630; x_wconf 89' lang='lat' dir='ltr'>Willelmi</span> <span class='ocrx_word' id='word_1_62' title='bbox 1108 1564 1148 1630; x_wconf 89' lang='lat' dir='ltr'>de</span> <span class='ocrx_word' id='word_1_63' title='bbox 1170 1564 1334 1630; x_wconf 88' lang='lat' dir='ltr'>Bideham</span> <span class='ocrx_word' id='word_1_64' title='bbox 1359 1567 1391 1631; x_wconf 91' lang='lat' dir='ltr'>et</span> <span class='ocrx_word' id='word_1_65' title='bbox 1407 1565 1591 1632; x_wconf 91' lang='lat' dir='ltr'>Willelmus</span> <span class='ocrx_word' id='word_1_66' title='bbox 1616 1564 1680 1630; x_wconf 84' lang='lat' dir='ltr'>Jon</span> <span class='ocrx_word' id='word_1_67' title='bbox 1705 1563 1745 1628; x_wconf 89' lang='lat' dir='ltr'>de</span> <span class='ocrx_word' id='word_1_68' title='bbox 1772 1563 1887 1629; x_wconf 88' lang='lat' dir='ltr'>cadem</span> 
     </span>
    </p>

    <p class='ocr_par' dir='ltr' id='par_1_5' title="bbox 467 1655 1888 1753">
     <span class='ocr_line' id='line_1_9' title="bbox 467 1655 1888 1753; baseline -0.001 -19"><span class='ocrx_word' id='word_1_69' title='bbox 467 1655 470 1660; x_wconf 15' lang='grc' dir='ltr'><strong>Δ</strong></span> <span class='ocrx_word' id='word_1_70' title='bbox 588 1669 809 1734; x_wconf 82' lang='lat' dir='ltr'>veneruntad</span> <span class='ocrx_word' id='word_1_71' title='bbox 833 1668 1029 1734; x_wconf 84' lang='lat' dir='ltr'>comitatum</span> <span class='ocrx_word' id='word_1_72' title='bbox 1053 1671 1086 1734; x_wconf 93' lang='lat' dir='ltr'>et</span> <span class='ocrx_word' id='word_1_73' title='bbox 1111 1669 1335 1753; x_wconf 77' lang='lat' dir='ltr'>sequebantur</span> <span class='ocrx_word' id='word_1_74' title='bbox 1360 1691 1476 1736; x_wconf 88' lang='lat' dir='ltr'>versus</span> <span class='ocrx_word' id='word_1_75' title='bbox 1491 1669 1676 1738; x_wconf 87' lang='lat' dir='ltr'>Walterum</span> <span class='ocrx_word' id='word_1_76' title='bbox 1698 1669 1807 1753; x_wconf 83' lang='lat' dir='ltr'>Engel</span> <span class='ocrx_word' id='word_1_77' title='bbox 1831 1669 1888 1752; x_wconf 89' lang='lat' dir='ltr'>qui</span> 
     </span>
    </p>

    <p class='ocr_par' dir='ltr' id='par_1_6' title="bbox 589 1772 1887 1858">
     <span class='ocr_line' id='line_1_10' title="bbox 589 1772 1887 1858; baseline 0.002 -21"><span class='ocrx_word' id='word_1_78' title='bbox 589 1776 706 1856; x_wconf 87' lang='lat' dir='ltr'>captus</span> <span class='ocrx_word' id='word_1_79' title='bbox 733 1772 797 1837; x_wconf 82' lang='lat' dir='ltr'>fuit</span> <span class='ocrx_word' id='word_1_80' title='bbox 828 1775 861 1838; x_wconf 91' lang='lat' dir='ltr'>et</span> <span class='ocrx_word' id='word_1_81' title='bbox 892 1772 1012 1838; x_wconf 87' lang='lat' dir='ltr'>ductus</span> <span class='ocrx_word' id='word_1_82' title='bbox 1042 1772 1077 1836; x_wconf 95' lang='lat' dir='ltr'>in</span> <span class='ocrx_word' id='word_1_83' title='bbox 1107 1773 1245 1857; x_wconf 90' lang='lat' dir='ltr'>plenum</span> <span class='ocrx_word' id='word_1_84' title='bbox 1275 1774 1471 1839; x_wconf 86' lang='lat' dir='ltr'>comitatum</span> <span class='ocrx_word' id='word_1_85' title='bbox 1502 1773 1580 1858; x_wconf 89' lang='lat' dir='ltr'>quia</span> <span class='ocrx_word' id='word_1_86' title='bbox 1603 1773 1746 1840; x_wconf 89' lang='lat' dir='ltr'>robisvit</span> <span class='ocrx_word' id='word_1_87' title='bbox 1772 1793 1827 1838; x_wconf 90' lang='lat' dir='ltr'>eos</span> <span class='ocrx_word' id='word_1_88' title='bbox 1854 1775 1887 1839; x_wconf 90' lang='lat' dir='ltr'>et</span> 
     </span>
    </p>

    <p class='ocr_par' dir='ltr' id='par_1_7' title="bbox 587 1876 1886 1963">
     <span class='ocr_line' id='line_1_11' title="bbox 587 1876 1886 1963; baseline 0 -23"><span class='ocrx_word' id='word_1_89' title='bbox 587 1877 771 1960; x_wconf 84' lang='lat' dir='ltr'>maymavit</span> <span class='ocrx_word' id='word_1_90' title='bbox 787 1898 853 1954; x_wconf 91' lang='lat' dir='ltr'>eos,</span> <span class='ocrx_word' id='word_1_91' title='bbox 865 1880 898 1942; x_wconf 91' lang='lat' dir='ltr'>et</span> <span class='ocrx_word' id='word_1_92' title='bbox 909 1877 1110 1943; x_wconf 84' lang='lat' dir='ltr'>invenerunt</span> <span class='ocrx_word' id='word_1_93' title='bbox 1124 1877 1249 1961; x_wconf 78' lang='lat' dir='ltr'>plegios</span> <span class='ocrx_word' id='word_1_94' title='bbox 1260 1878 1299 1942; x_wconf 93' lang='lat' dir='ltr'>de</span> <span class='ocrx_word' id='word_1_95' title='bbox 1310 1879 1537 1963; x_wconf 89' lang='lat' dir='ltr'>prosequendo</span> <span class='ocrx_word' id='word_1_96' title='bbox 1547 1876 1697 1942; x_wconf 89' lang='lat' dir='ltr'>videlicet</span> <span class='ocrx_word' id='word_1_97' title='bbox 1712 1877 1886 1960; x_wconf 82' lang='lat' dir='ltr'>Paganum</span> 
     </span>
    </p>

    <p class='ocr_par' dir='ltr' id='par_1_8' title="bbox 587 1980 1887 2151">
     <span class='ocr_line' id='line_1_12' title="bbox 588 1980 1887 2066; baseline 0.002 -22"><span class='ocrx_word' id='word_1_98' title='bbox 588 1981 628 2046; x_wconf 87' lang='lat' dir='ltr'>de</span> <span class='ocrx_word' id='word_1_99' title='bbox 659 1981 758 2058; x_wconf 87' lang='lat' dir='ltr'>Ford,</span> <span class='ocrx_word' id='word_1_100' title='bbox 785 1981 948 2046; x_wconf 81' lang='lat' dir='ltr'>Thomam</span> <span class='ocrx_word' id='word_1_101' title='bbox 974 1981 1080 2046; x_wconf 88' lang='lat' dir='ltr'>filium</span> <span class='ocrx_word' id='word_1_102' title='bbox 1112 1981 1238 2048; x_wconf 85' lang='lat' dir='ltr'>Marsil’</span> <span class='ocrx_word' id='word_1_103' title='bbox 1264 1983 1304 2048; x_wconf 89' lang='lat' dir='ltr'>de</span> <span class='ocrx_word' id='word_1_104' title='bbox 1331 1983 1515 2066; x_wconf 86' lang='lat' dir='ltr'>Bydeham,</span> <span class='ocrx_word' id='word_1_105' title='bbox 1542 1981 1598 2066; x_wconf 90' lang='lat' dir='ltr'>qui</span> <span class='ocrx_word' id='word_1_106' title='bbox 1625 1983 1760 2047; x_wconf 79' lang='lat' dir='ltr'>fuerunt</span> <span class='ocrx_word' id='word_1_107' title='bbox 1787 1980 1887 2065; x_wconf 82' lang='lat' dir='ltr'>plegii</span> 
     </span>
     <span class='ocr_line' id='line_1_13' title="bbox 587 2085 772 2151; baseline -0.011 0"><span class='ocrx_word' id='word_1_108' title='bbox 587 2085 772 2151; x_wconf 88' lang='lat' dir='ltr'>amborum.</span> 
     </span>
    </p>
   </div>
   <div class='ocr_carea' id='block_1_5' title="bbox 448 2303 1887 2457">
    <p class='ocr_par' dir='ltr' id='par_1_9' title="bbox 448 2303 1887 2457">
     <span class='ocr_line' id='line_1_14' title="bbox 448 2303 1887 2372; baseline -0.001 -14"><span class='ocrx_word' id='word_1_109' title='bbox 448 2317 477 2347; x_wconf 78' lang='lat' dir='ltr'>m·</span> <span class='ocrx_word' id='word_1_110' title='bbox 587 2303 718 2358; x_wconf 82' lang='lat' dir='ltr'>Placita</span> <span class='ocrx_word' id='word_1_111' title='bbox 735 2305 966 2360; x_wconf 85' lang='lat' dir='ltr'>coronatoris⁸</span> <span class='ocrx_word' id='word_1_112' title='bbox 990 2307 1189 2372; x_wconf 84' lang='lat' dir='ltr'>presentata</span> <span class='ocrx_word' id='word_1_113' title='bbox 1205 2306 1251 2362; x_wconf 81' lang='lat' dir='ltr'>ad</span> <span class='ocrx_word' id='word_1_114' title='bbox 1267 2306 1468 2362; x_wconf 82' lang='lat' dir='ltr'>comitatum</span> <span class='ocrx_word' id='word_1_115' title='bbox 1485 2303 1591 2361; x_wconf 74' lang='lat' dir='ltr'>Bedf’</span> <span class='ocrx_word' id='word_1_116' title='bbox 1614 2303 1672 2358; x_wconf 83' lang='lat' dir='ltr'>die</span> <span class='ocrx_word' id='word_1_117' title='bbox 1691 2303 1788 2358; x_wconf 82' lang='lat' dir='ltr'>Lune</span> <span class='ocrx_word' id='word_1_118' title='bbox 1807 2305 1887 2358; x_wconf 83' lang='lat' dir='ltr'>ants</span> 
     </span>
     <span class='ocr_line' id='line_1_15' title="bbox 614 2386 1860 2457; baseline 0.002 -17"><span class='ocrx_word' id='word_1_119' title='bbox 614 2387 743 2442; x_wconf 85' lang='lat' dir='ltr'>festum</span> <span class='ocrx_word' id='word_1_120' title='bbox 761 2388 794 2443; x_wconf 77' lang='lat' dir='ltr'>S.</span> <span class='ocrx_word' id='word_1_121' title='bbox 813 2387 907 2442; x_wconf 86' lang='lat' dir='ltr'>Petri</span> <span class='ocrx_word' id='word_1_122' title='bbox 925 2387 970 2442; x_wconf 82' lang='lat' dir='ltr'>ad</span> <span class='ocrx_word' id='word_1_123' title='bbox 989 2389 1196 2444; x_wconf 81' lang='lat' dir='ltr'>cathedram</span> <span class='ocrx_word' id='word_1_124' title='bbox 1214 2403 1304 2445; x_wconf 86' lang='lat' dir='ltr'>anno</span> <span class='ocrx_word' id='word_1_125' title='bbox 1321 2389 1422 2457; x_wconf 75' lang='lat' dir='ltr'>regni</span> <span class='ocrx_word' id='word_1_126' title='bbox 1437 2389 1530 2456; x_wconf 79' lang='lat' dir='ltr'>regis</span> <span class='ocrx_word' id='word_1_127' title='bbox 1547 2386 1709 2444; x_wconf 76' lang='lat' dir='ltr'>Edwsrdi</span> <span class='ocrx_word' id='word_1_128' title='bbox 1726 2389 1860 2454; x_wconf 79' lang='lat' dir='ltr'>quarto.</span> 
     </span>
    </p>
   </div>
   <div class='ocr_carea' id='block_1_6' title="bbox 478 2791 1887 3814">
    <p class='ocr_par' dir='ltr' id='par_1_10' title="bbox 587 2791 1886 2982">
     <span class='ocr_line' id='line_1_16' title="bbox 647 2791 1886 2878; baseline -0.002 -20"><span class='ocrx_word' id='word_1_129' title='bbox 647 2793 739 2858; x_wconf 80' lang='lat' dir='ltr'>&#39;Item</span> <span class='ocrx_word' id='word_1_130' title='bbox 771 2793 814 2858; x_wconf 88' lang='lat' dir='ltr'>ad</span> <span class='ocrx_word' id='word_1_131' title='bbox 844 2792 938 2859; x_wconf 89' lang='lat' dir='ltr'>illum</span> <span class='ocrx_word' id='word_1_132' title='bbox 968 2792 1163 2858; x_wconf 84' lang='lat' dir='ltr'>comitatum</span> <span class='ocrx_word' id='word_1_133' title='bbox 1201 2792 1348 2878; x_wconf 86' lang='lat' dir='ltr'>predicto</span> <span class='ocrx_word' id='word_1_134' title='bbox 1377 2791 1430 2858; x_wconf 86' lang='lat' dir='ltr'>die</span> <span class='ocrx_word' id='word_1_135' title='bbox 1460 2811 1498 2857; x_wconf 89' lang='lat' dir='ltr'>ao</span> <span class='ocrx_word' id='word_1_136' title='bbox 1536 2813 1624 2858; x_wconf 87' lang='lat' dir='ltr'>anno</span> <span class='ocrx_word' id='word_1_137' title='bbox 1655 2791 1775 2859; x_wconf 75' lang='lat' dir='ltr'>cecilia</span> <span class='ocrx_word' id='word_1_138' title='bbox 1805 2811 1886 2858; x_wconf 88' lang='lat' dir='ltr'>uxor</span> 
     </span>
     <span class='ocr_line' id='line_1_17' title="bbox 587 2897 1885 2982; baseline -0.002 -20"><span class='ocrx_word' id='word_1_139' title='bbox 587 2898 742 2981; x_wconf 82' lang='lat' dir='ltr'>Hugonis</span> <span class='ocrx_word' id='word_1_140' title='bbox 758 2898 798 2962; x_wconf 89' lang='lat' dir='ltr'>de</span> <span class='ocrx_word' id='word_1_141' title='bbox 813 2899 972 2963; x_wconf 87' lang='lat' dir='ltr'>Holeoote</span> <span class='ocrx_word' id='word_1_142' title='bbox 987 2898 1079 2963; x_wconf 89' lang='lat' dir='ltr'>venit</span> <span class='ocrx_word' id='word_1_143' title='bbox 1095 2901 1128 2964; x_wconf 94' lang='lat' dir='ltr'>et</span> <span class='ocrx_word' id='word_1_144' title='bbox 1144 2897 1342 2982; x_wconf 74' lang='lat' dir='ltr'>sequebatur</span> <span class='ocrx_word' id='word_1_145' title='bbox 1365 2897 1509 2980; x_wconf 87' lang='lat' dir='ltr'>apetium</span> <span class='ocrx_word' id='word_1_146' title='bbox 1533 2919 1632 2962; x_wconf 92' lang='lat' dir='ltr'>suum</span> <span class='ocrx_word' id='word_1_147' title='bbox 1647 2918 1762 2962; x_wconf 89' lang='lat' dir='ltr'>versus</span> <span class='ocrx_word' id='word_1_148' title='bbox 1779 2897 1885 2963; x_wconf 87' lang='lat' dir='ltr'>Gode·</span> 
     </span>
    </p>

    <p class='ocr_par' dir='ltr' id='par_1_11' title="bbox 478 3000 1886 3294">
     <span class='ocr_line' id='line_1_18' title="bbox 478 3000 1886 3084; baseline -0.001 -19"><span class='ocrx_word' id='word_1_149' title='bbox 478 3036 483 3045; x_wconf 92' lang='lat'>·</span> <span class='ocrx_word' id='word_1_150' title='bbox 588 3002 712 3066; x_wconf 83' lang='lat' dir='ltr'>fridum</span> <span class='ocrx_word' id='word_1_151' title='bbox 747 3002 777 3066; x_wconf 93' lang='lat' dir='ltr'>le</span> <span class='ocrx_word' id='word_1_152' title='bbox 817 3002 1008 3068; x_wconf 80' lang='lat' dir='ltr'>Stedeman.</span> <span class='ocrx_word' id='word_1_153' title='bbox 1053 3001 1171 3067; x_wconf 89' lang='lat' dir='ltr'>Dictus</span> <span class='ocrx_word' id='word_1_154' title='bbox 1209 3000 1408 3068; x_wconf 85' lang='lat' dir='ltr'>Godefridus</span> <span class='ocrx_word' id='word_1_155' title='bbox 1446 3005 1668 3084; x_wconf 89' lang='lat' dir='ltr'>manucaptus</span> <span class='ocrx_word' id='word_1_156' title='bbox 1705 3003 1738 3066; x_wconf 92' lang='lat' dir='ltr'>et</span> <span class='ocrx_word' id='word_1_157' title='bbox 1769 3000 1886 3084; x_wconf 88' lang='lat' dir='ltr'>quinto</span> 
     </span>
     <span class='ocr_line' id='line_1_19' title="bbox 586 3103 1886 3188; baseline -0.001 -19"><span class='ocrx_word' id='word_1_158' title='bbox 586 3105 812 3188; x_wconf 81' lang='lat' dir='ltr'>interrogatus</span> <span class='ocrx_word' id='word_1_159' title='bbox 828 3126 895 3170; x_wconf 91' lang='lat' dir='ltr'>non</span> <span class='ocrx_word' id='word_1_160' title='bbox 912 3105 1014 3184; x_wconf 79' lang='lat' dir='ltr'>venit,</span> <span class='ocrx_word' id='word_1_161' title='bbox 1032 3109 1082 3170; x_wconf 89' lang='lat' dir='ltr'>set</span> <span class='ocrx_word' id='word_1_162' title='bbox 1099 3105 1196 3170; x_wconf 89' lang='lat' dir='ltr'>breve</span> <span class='ocrx_word' id='word_1_163' title='bbox 1213 3104 1339 3170; x_wconf 86' lang='lat' dir='ltr'>domini</span> <span class='ocrx_word' id='word_1_164' title='bbox 1354 3103 1440 3188; x_wconf 85' lang='lat' dir='ltr'>regis</span> <span class='ocrx_word' id='word_1_165' title='bbox 1456 3103 1639 3170; x_wconf 82' lang='lat' dir='ltr'>vicecomiti</span> <span class='ocrx_word' id='word_1_166' title='bbox 1654 3105 1807 3170; x_wconf 89' lang='lat' dir='ltr'>Bedford&#39;</span> <span class='ocrx_word' id='word_1_167' title='bbox 1823 3104 1886 3169; x_wconf 83' lang='lat' dir='ltr'>fuit</span> 
     </span>
     <span class='ocr_line' id='line_1_20' title="bbox 584 3201 1885 3294; baseline -0.001 -20"><span class='ocrx_word' id='word_1_168' title='bbox 584 3201 750 3276; x_wconf 86' lang='lat' dir='ltr'>¹directum</span> <span class='ocrx_word' id='word_1_169' title='bbox 767 3211 854 3294; x_wconf 90' lang='lat' dir='ltr'>quod</span> <span class='ocrx_word' id='word_1_170' title='bbox 870 3211 983 3277; x_wconf 89' lang='lat' dir='ltr'>omnia</span> <span class='ocrx_word' id='word_1_171' title='bbox 998 3231 1061 3294; x_wconf 89' lang='lat' dir='ltr'>que</span> <span class='ocrx_word' id='word_1_172' title='bbox 1077 3210 1332 3277; x_wconf 88' lang='lat' dir='ltr'>continebantur</span> <span class='ocrx_word' id='word_1_173' title='bbox 1347 3209 1383 3274; x_wconf 91' lang='lat' dir='ltr'>in</span> <span class='ocrx_word' id='word_1_174' title='bbox 1398 3231 1545 3293; x_wconf 82' lang='lat' dir='ltr'>mangna</span> <span class='ocrx_word' id='word_1_175' title='bbox 1568 3213 1660 3275; x_wconf 89' lang='lat' dir='ltr'>carta</span> <span class='ocrx_word' id='word_1_176' title='bbox 1682 3212 1885 3287; x_wconf 84' lang='lat' dir='ltr'>tenerentur,</span> 
     </span>
    </p>

    <p class='ocr_par' dir='ltr' id='par_1_12' title="bbox 586 3314 1887 3705">
     <span class='ocr_line' id='line_1_21' title="bbox 586 3314 1886 3398; baseline 0 -20"><span class='ocrx_word' id='word_1_177' title='bbox 586 3314 621 3378; x_wconf 94' lang='lat' dir='ltr'>in</span> <span class='ocrx_word' id='word_1_178' title='bbox 653 3335 719 3398; x_wconf 89' lang='lat' dir='ltr'>qua</span> <span class='ocrx_word' id='word_1_179' title='bbox 749 3319 843 3380; x_wconf 86' lang='lat' dir='ltr'>carta</span> <span class='ocrx_word' id='word_1_180' title='bbox 873 3317 1053 3381; x_wconf 83' lang='lat' dir='ltr'>contenta⁴</span> <span class='ocrx_word' id='word_1_181' title='bbox 1085 3315 1148 3380; x_wconf 87' lang='lat' dir='ltr'>fuit</span> <span class='ocrx_word' id='word_1_182' title='bbox 1179 3315 1266 3398; x_wconf 91' lang='lat' dir='ltr'>quod</span> <span class='ocrx_word' id='word_1_183' title='bbox 1303 3314 1417 3379; x_wconf 91' lang='lat' dir='ltr'>nullus</span> <span class='ocrx_word' id='word_1_184' title='bbox 1455 3317 1628 3397; x_wconf 88' lang='lat' dir='ltr'>caperetur</span> <span class='ocrx_word' id='word_1_185' title='bbox 1666 3334 1726 3398; x_wconf 93' lang='lat' dir='ltr'>pro</span> <span class='ocrx_word' id='word_1_186' title='bbox 1756 3314 1886 3397; x_wconf 92' lang='lat' dir='ltr'>appello</span> 
     </span>
     <span class='ocr_line' id='line_1_22' title="bbox 586 3417 1887 3502; baseline -0.001 -20"><span class='ocrx_word' id='word_1_187' title='bbox 586 3418 735 3482; x_wconf 89' lang='lat' dir='ltr'>mulicris</span> <span class='ocrx_word' id='word_1_188' title='bbox 752 3419 818 3482; x_wconf 90' lang='lat' dir='ltr'>nisi</span> <span class='ocrx_word' id='word_1_189' title='bbox 845 3439 906 3502; x_wconf 93' lang='lat' dir='ltr'>pro</span> <span class='ocrx_word' id='word_1_190' title='bbox 930 3422 1038 3484; x_wconf 90' lang='lat' dir='ltr'>morte</span> <span class='ocrx_word' id='word_1_191' title='bbox 1053 3418 1116 3484; x_wconf 91' lang='lat' dir='ltr'>viri</span> <span class='ocrx_word' id='word_1_192' title='bbox 1132 3418 1194 3496; x_wconf 91' lang='lat' dir='ltr'>sui,</span> <span class='ocrx_word' id='word_1_193' title='bbox 1212 3422 1244 3484; x_wconf 89' lang='lat' dir='ltr'>et</span> <span class='ocrx_word' id='word_1_194' title='bbox 1271 3418 1415 3501; x_wconf 89' lang='lat' dir='ltr'>apellum</span> <span class='ocrx_word' id='word_1_195' title='bbox 1441 3419 1504 3483; x_wconf 84' lang='lat' dir='ltr'>fuit</span> <span class='ocrx_word' id='word_1_196' title='bbox 1531 3439 1590 3502; x_wconf 90' lang='lat' dir='ltr'>pro</span> <span class='ocrx_word' id='word_1_197' title='bbox 1616 3421 1724 3484; x_wconf 89' lang='lat' dir='ltr'>morte</span> <span class='ocrx_word' id='word_1_198' title='bbox 1750 3417 1887 3484; x_wconf 89' lang='lat' dir='ltr'>Roberti</span> 
     </span>
     <span class='ocr_line' id='line_1_23' title="bbox 587 3522 1886 3608; baseline 0.001 -22"><span class='ocrx_word' id='word_1_199' title='bbox 587 3522 698 3588; x_wconf 85' lang='lat' dir='ltr'>fratris</span> <span class='ocrx_word' id='word_1_200' title='bbox 716 3523 778 3588; x_wconf 90' lang='lat' dir='ltr'>sui.</span> <span class='ocrx_word' id='word_1_201' title='bbox 823 3524 869 3590; x_wconf 86' lang='lat' dir='ltr'>Et</span> <span class='ocrx_word' id='word_1_202' title='bbox 885 3523 934 3590; x_wconf 92' lang='lat' dir='ltr'>ita</span> <span class='ocrx_word' id='word_1_203' title='bbox 956 3546 1014 3608; x_wconf 91' lang='lat' dir='ltr'>pcr</span> <span class='ocrx_word' id='word_1_204' title='bbox 1034 3523 1197 3607; x_wconf 89' lang='lat' dir='ltr'>judicium</span> <span class='ocrx_word' id='word_1_205' title='bbox 1212 3523 1390 3589; x_wconf 80' lang='lat' dir='ltr'>comitatus</span> <span class='ocrx_word' id='word_1_206' title='bbox 1406 3523 1546 3588; x_wconf 85' lang='lat' dir='ltr'>cessavit</span> <span class='ocrx_word' id='word_1_207' title='bbox 1563 3523 1727 3605; x_wconf 82' lang='lat' dir='ltr'>utlagaria</span> <span class='ocrx_word' id='word_1_208' title='bbox 1742 3522 1782 3587; x_wconf 90' lang='lat' dir='ltr'>de</span> <span class='ocrx_word' id='word_1_209' title='bbox 1798 3522 1886 3587; x_wconf 89' lang='lat' dir='ltr'>dioto</span> 
     </span>
     <span class='ocr_line' id='line_1_24' title="bbox 587 3627 1885 3705; baseline 0.001 -13"><span class='ocrx_word' id='word_1_210' title='bbox 587 3627 775 3705; x_wconf 87' lang='lat' dir='ltr'>Godcsrido‚</span> <span class='ocrx_word' id='word_1_211' title='bbox 802 3631 852 3694; x_wconf 89' lang='lat' dir='ltr'>sot</span> <span class='ocrx_word' id='word_1_212' title='bbox 883 3632 998 3695; x_wconf 89' lang='lat' dir='ltr'>tamen</span> <span class='ocrx_word' id='word_1_213' title='bbox 1024 3629 1104 3694; x_wconf 83' lang='lat' dir='ltr'>dota</span> <span class='ocrx_word' id='word_1_214' title='bbox 1130 3627 1194 3695; x_wconf 80' lang='lat' dir='ltr'>fuit</span> <span class='ocrx_word' id='word_1_215' title='bbox 1222 3628 1292 3694; x_wconf 91' lang='lat' dir='ltr'>dies</span> <span class='ocrx_word' id='word_1_216' title='bbox 1323 3627 1409 3694; x_wconf 84' lang='lat' dir='ltr'>dicte</span> <span class='ocrx_word' id='word_1_217' title='bbox 1444 3627 1562 3694; x_wconf 82' lang='lat' dir='ltr'>Ceciiie</span> <span class='ocrx_word' id='word_1_218' title='bbox 1589 3628 1740 3696; x_wconf 84' lang='lat' dir='ltr'>veniend’</span> <span class='ocrx_word' id='word_1_219' title='bbox 1773 3647 1885 3694; x_wconf 84' lang='lat' dir='ltr'>coram</span> 
     </span>
    </p>

    <p class='ocr_par' dir='ltr' id='par_1_13' title="bbox 541 3731 1063 3814">
     <span class='ocr_line' id='line_1_25' title="bbox 541 3731 1063 3814; baseline 0 -18"><span class='ocrx_word' id='word_1_220' title='bbox 541 3745 544 3753; x_wconf 84' lang='lat'>&#39;</span> <span class='ocrx_word' id='word_1_221' title='bbox 582 3731 787 3814; x_wconf 84' lang='lat' dir='ltr'>justiciariis.</span> <span class='ocrx_word' id='word_1_222' title='bbox 1055 3741 1063 3752; x_wconf 88' lang='lat'>&#39;</span> 
     </span>
    </p>
   </div>
   <div class='ocr_carea' id='block_1_7' title="bbox 586 4164 1885 4318">
    <p class='ocr_par' dir='ltr' id='par_1_14' title="bbox 586 4164 1885 4318">
     <span class='ocr_line' id='line_1_26' title="bbox 586 4164 1885 4234; baseline -0.002 -12"><span class='ocrx_word' id='word_1_223' title='bbox 586 4165 719 4222; x_wconf 85' lang='lat' dir='ltr'>Placita</span> <span class='ocrx_word' id='word_1_224' title='bbox 736 4170 880 4222; x_wconf 78' lang='lat' dir='ltr'>eorone⁵</span> <span class='ocrx_word' id='word_1_225' title='bbox 902 4169 1103 4234; x_wconf 80' lang='lat' dir='ltr'>presentata</span> <span class='ocrx_word' id='word_1_226' title='bbox 1121 4167 1164 4222; x_wconf 90' lang='lat' dir='ltr'>ad</span> <span class='ocrx_word' id='word_1_227' title='bbox 1181 4167 1269 4222; x_wconf 89' lang='lat' dir='ltr'>com’</span> <span class='ocrx_word' id='word_1_228' title='bbox 1288 4165 1471 4222; x_wconf 82' lang='lat' dir='ltr'>Bedeford’</span> <span class='ocrx_word' id='word_1_229' title='bbox 1488 4165 1546 4220; x_wconf 86' lang='lat' dir='ltr'>die</span> <span class='ocrx_word' id='word_1_230' title='bbox 1564 4167 1662 4220; x_wconf 84' lang='lat' dir='ltr'>Lune</span> <span class='ocrx_word' id='word_1_231' title='bbox 1685 4164 1785 4232; x_wconf 86' lang='lat' dir='ltr'>prox’</span> <span class='ocrx_word' id='word_1_232' title='bbox 1804 4168 1885 4233; x_wconf 81' lang='lat' dir='ltr'>post</span> 
     </span>
     <span class='ocr_line' id='line_1_27' title="bbox 790 4249 1676 4318; baseline 0 -14"><span class='ocrx_word' id='word_1_233' title='bbox 790 4249 920 4304; x_wconf 81' lang='lat' dir='ltr'>festum</span> <span class='ocrx_word' id='word_1_234' title='bbox 938 4249 1055 4306; x_wconf 81' lang='lat' dir='ltr'>Sancti</span> <span class='ocrx_word' id='word_1_235' title='bbox 1073 4250 1232 4317; x_wconf 77' lang='lat' dir='ltr'>Gregorii</span> <span class='ocrx_word' id='word_1_236' title='bbox 1249 4251 1342 4318; x_wconf 80' lang='lat' dir='ltr'>Papo</span> <span class='ocrx_word' id='word_1_237' title='bbox 1360 4263 1451 4305; x_wconf 85' lang='lat' dir='ltr'>anno</span> <span class='ocrx_word' id='word_1_238' title='bbox 1468 4249 1676 4318; x_wconf 78' lang='lat' dir='ltr'>supradicto.</span> 
     </span>
    </p>
   </div>
   <div class='ocr_carea' id='block_1_8' title="bbox 410 4653 1884 4846">
    <p class='ocr_par' dir='ltr' id='par_1_15' title="bbox 410 4653 1884 4846">
     <span class='ocr_line' id='line_1_28' title="bbox 410 4653 1884 4741; baseline 0.004 -27"><span class='ocrx_word' id='word_1_239' title='bbox 410 4676 534 4718; x_wconf 59' lang='lat' dir='ltr'>sessurus</span> <span class='ocrx_word' id='word_1_240' title='bbox 652 4653 752 4737; x_wconf 84' lang='lat' dir='ltr'>Hugo</span> <span class='ocrx_word' id='word_1_241' title='bbox 767 4653 807 4718; x_wconf 89' lang='lat' dir='ltr'>dc</span> <span class='ocrx_word' id='word_1_242' title='bbox 826 4655 949 4720; x_wconf 86' lang='lat' dir='ltr'>Sancto</span> <span class='ocrx_word' id='word_1_243' title='bbox 964 4655 1129 4722; x_wconf 80' lang='lat' dir='ltr'>Eduardo</span> <span class='ocrx_word' id='word_1_244' title='bbox 1153 4657 1250 4741; x_wconf 88' lang='lat' dir='ltr'>petiit</span> <span class='ocrx_word' id='word_1_245' title='bbox 1276 4678 1392 4740; x_wconf 89' lang='lat' dir='ltr'>pacem</span> <span class='ocrx_word' id='word_1_246' title='bbox 1419 4656 1544 4723; x_wconf 90' lang='lat' dir='ltr'>domini</span> <span class='ocrx_word' id='word_1_247' title='bbox 1561 4655 1647 4739; x_wconf 82' lang='lat' dir='ltr'>regis</span> <span class='ocrx_word' id='word_1_248' title='bbox 1663 4655 1703 4722; x_wconf 92' lang='lat' dir='ltr'>de</span> <span class='ocrx_word' id='word_1_249' title='bbox 1730 4654 1884 4722; x_wconf 86' lang='lat' dir='ltr'>Johanne</span> 
     </span>
     <span class='ocr_line' id='line_1_29' title="bbox 410 4729 1883 4846; baseline 0.001 -23"><span class='ocrx_word' id='word_1_250' title='bbox 410 4729 472 4768; x_wconf 55' lang='lat'><strong>‘²⁰¹⁰</strong></span> <span class='ocrx_word' id='word_1_251' title='bbox 585 4759 722 4842; x_wconf 86' lang='lat' dir='ltr'>Ensiye.</span> <span class='ocrx_word' id='word_1_252' title='bbox 767 4759 932 4826; x_wconf 91' lang='lat' dir='ltr'>Dominus</span> <span class='ocrx_word' id='word_1_253' title='bbox 948 4760 1119 4826; x_wconf 72' lang='lat' dir='ltr'>iohannes</span> <span class='ocrx_word' id='word_1_254' title='bbox 1143 4783 1279 4846; x_wconf 86' lang='lat' dir='ltr'>presens</span> <span class='ocrx_word' id='word_1_255' title='bbox 1295 4762 1440 4828; x_wconf 81' lang='lat' dir='ltr'>radiavit</span> <span class='ocrx_word' id='word_1_256' title='bbox 1464 4783 1579 4846; x_wconf 84' lang='lat' dir='ltr'>paoem</span> <span class='ocrx_word' id='word_1_257' title='bbox 1595 4761 1682 4827; x_wconf 90' lang='lat' dir='ltr'>dicto</span> <span class='ocrx_word' id='word_1_258' title='bbox 1698 4759 1834 4844; x_wconf 85' lang='lat' dir='ltr'>Hugoni</span> <span class='ocrx_word' id='word_1_259' title='bbox 1849 4761 1883 4824; x_wconf 90' lang='lat' dir='ltr'>et</span> 
     </span>
    </p>
   </div>
   <div class='ocr_carea' id='block_1_9' title="bbox 653 4973 1815 5026">
    <p class='ocr_par' dir='ltr' id='par_1_16' title="bbox 653 4973 1815 5026">
     <span class='ocr_line' id='line_1_30' title="bbox 653 4973 1815 5026; baseline -0.001 -3"><span class='ocrx_word' id='word_1_260' title='bbox 653 4975 682 5003; x_wconf 83' lang='lat'>¹·²</span> <span class='ocrx_word' id='word_1_261' title='bbox 703 4974 757 5024; x_wconf 83' lang='lat' dir='ltr'>MS.</span> <span class='ocrx_word' id='word_1_262' title='bbox 771 4973 815 5024; x_wconf 79' lang='lat' dir='ltr'>uo·</span> <span class='ocrx_word' id='word_1_263' title='bbox 829 4974 886 5024; x_wconf 80' lang='lat' dir='ltr'>oic&#39;.</span> <span class='ocrx_word' id='word_1_264' title='bbox 986 4975 1148 5026; x_wconf 81' lang='lat' dir='ltr'>²MS.vod&#39;.</span> <span class='ocrx_word' id='word_1_265' title='bbox 1260 4975 1450 5026; x_wconf 81' lang='lat' dir='ltr'>&#39;MS.coron&#39;.</span> <span class='ocrx_word' id='word_1_266' title='bbox 1552 4975 1632 5026; x_wconf 54' lang='lat'><strong>⁴65⁶.</strong></span> <span class='ocrx_word' id='word_1_267' title='bbox 1734 4973 1815 5026; x_wconf 74' lang='lat' dir='ltr'>&#39;Sia</span> 
     </span>
    </p>
   </div>
   <div class='ocr_carea' id='block_1_10' title="bbox 0 0 2190 5724">
    <p class='ocr_par' dir='ltr' id='par_1_17' title="bbox 0 0 2190 5724">
     <span class='ocr_line' id='line_1_31' title="bbox 0 0 2190 5724; baseline 0 0"><span class='ocrx_word' id='word_1_268' title='bbox 0 0 2190 5724; x_wconf 95' lang='lat' dir='ltr'> </span> 
     </span>
    </p>
   </div>
  </div>
 </body>
</html>
