4364 5736
379 2109 398 2150 11

1027 465 1234 526 CORONERS'
1258 472 1380 528 ROLLS

1029 698 1032 704 ·
1125 665 1293 750 Cugenho.

640 780 661 856 J
662 779 811 848 ohannes
824 783 866 848 ad
882 783 1018 848 Portam

638 883 823 952 Willchnus
838 887 869 952 le
884 886 1019 953 Walshe

639 986 788 1070 Rogerus
803 989 954 1055 Everard
1178 983 1264 1064 pree’
1281 980 1316 1046 in
1332 982 1486 1052 omnibus
1499 983 1587 1052 sicut.
1600 984 1785 1070 inquisicio.

639 1089 802 1158 Ricardr'rs
818 1095 971 1182 Randelf’

643 1195 759 1264 Simon
775 1196 864 1264 filiua
880 1198 1015 1265 Ricardi
1071 1208 1073 1212 ’

782 1363 785 1368 “
876 1378 879 1382 ·
960 1359 1168 1444 Pydingtone
1183 1359 1217 1425 et
1232 1357 1455 1424 Haclentune.

638 1476 824 1544 Willelmus
841 1478 881 1545 (16
896 1479 1100 1562 Houghtone

641 1581 786 1647 Thomas
802 1583 888 1648 Hert
927 1652 930 1657 ,

642 1685 814 1753 Johannee
831 1689 927 1773 Dovy
1179 1689 1266 1773 pres’
1283 1685 1319 1752 in
1335 1685 1492 1754 omnibus
1509 1685 1595 1754 sicut
1610 1687 1796 1772 inquisicio.

549 1783 550 1786 '
641 1789 813 1858 Johannes
828 1791 916 1857 filius
933 1793 1070 1860 Walteri

594 1965 603 1974 ,
641 1896 748 1961 Adam
766 1897 898 1980 Spcrwe

244 2185 246 2188 Ι
377 2109 497 2204 ff&
583 2117 586 2123 '
618 2101 746 2168 Accidit
762 2103 851 2187 apud
867 2101 983 2169 Tiffeld
999 2103 1052 2169 die
1066 2103 1204 2170 Veneris
1221 2104 1312 2187 prox'
1329 2050 1543 2169 antefactum
1554 2101 1670 2168 Sancti
1690 2101 1861 2169 Dunatani

552 2205 710 2291 Episcopi
734 2227 823 2273 enno
847 2208 942 2291 regni
965 2207 1052 2292 regie
1079 2208 1237 2276 Edwardi
1262 2207 1357 2274 tercii
1383 2229 1404 2273 a
1437 2211 1621 2291 conquestu
1646 2210 1739 2273 sexto
1770 2207 1858 2291 quod

421 2383 424 2388 Α
554 2311 690 2396 quidam
716 2315 893 2378 extraneus
919 2312 1077 2379 inventus
1102 2313 1166 2380 fuit
1191 2315 1355 2379 mortuus.
1401 2312 1449 2376 Et
1465 2311 1542 2376 inde
1567 2313 1667 2395 copta
1682 2311 1861 2395 inquisicio
1949 2355 1952 2360 -

553 2435 665 2481 coram
681 2415 712 2482 J.
730 2415 770 2481 de
786 2416 884 2482 Tuwe
899 2420 1092 2482 coronatore
1108 2417 1160 2482 die
1176 2420 1209 2482 et
1225 2437 1314 2482 anno
1324 2414 1513 2500 supradicto
1528 2435 1588 2499 per
1606 2417 1855 2481 sacramentum

552 2567 561 2585 .
587 2567 595 2584 .
622 2521 650 2584 ‚¹
671 2519 751 2602 jur,
776 2519 833 2603 qui
859 2518 973 2586 dieunt
999 2541 1098 2604 cuper
1130 2522 1377 2587 sacramentum
1407 2539 1506 2585 auum
1537 2519 1623 2601 quod
1654 2519 1853 2584 denomino

551 2625 691 2690 mortis²
713 2623 868 2706 ignorant
889 2627 923 2690 et
949 2625 990 2690 de
1012 2625 1148 2692 nomine
1170 2625 1289 2691 felonis
1311 2625 1479 2709 ignorant.
1524 2624 1571 2689 Et
1590 2623 1705 2688 dicunt
1727 2624 1853 2707 precise

553 2729 640 2812 quod
655 2727 691 2794 in
703 2729 760 2794 1116
775 2728 889 2813 plocca
904 2729 961 2794 ubi
973 2730 1080 2814 jacuit
1096 2752 1159 2814 quc
1174 2735 1311 2796 vocatur
1334 2731 1365 2796 lo
1380 2730 1458 2814 Hay
1473 2729 1509 2794 in
1525 2727 1651 2813 campie
1667 2729 1708 2795 de
1724 2728 1853 2813 Tyffel²

552 2852 621 2898 non
648 2833 711 2898 fur't
735 2832 863 2900 occicus
890 2836 940 2900 oet
964 2834 1127 2901 obductus
1148 2835 1212 2901 fuit
1234 2835 1281 2899 ibi
1295 2837 1470 2900 noctanter
1496 2853 1555 2917 per
1575 2853 1674 2917 quem
1688 2831 1854 2916 .ignorant

556 2936 683 3004 habene
714 2957 770 3004 sex
799 2937 916 3021 plagas
942 2938 978 3002 in
1005 2937 1113 3022 capito
1137 2959 1175 3004 ex
1200 2941 1340 3022 utraq'ue
1365 2940 1459 3021 parte
1484 2957 1560 3002 cum
1591 2956 1658 3000 uno
1681 2935 1791 3020 pollex
1815 2940 1854 3002 ut

554 3043 670 3124 aparct
685 3041 788 3124 precii
802 3041 849 3126 iij.
863 3041 895 3106 d.
913 3045 946 3108 et
962 3063 1065 3107 unam
1076 3042 1210 3127 plagam
1225 3042 1262 3107 in
1277 3042 1359 3107 collo
1375 3062 1451 3107 cum
1467 3062 1534 3107 uno
1550 3040 1682 3106 cultello
1695 3039 1854 3124 usquead

555 3165 622 3210 cor.
653 3144 807 3210 Precium
823 3146 947 3212 cultelli
962 3145 996 3232 ij.
1013 3146 1046 3212 d.
1092 3147 1264 3213 Johannee
1276 3147 1384 3230 Gerry
1405 3145 1514 3230 primo
1537 3165 1615 3230 curn
1630 3143 1769 3224 invenit,
1785 3165 1854 3211 non

553 3247 642 3314 mole
657 3249 812 3318 creditur.

1033 3430 1150 3498 Tiffel'd
1166 3433 1199 3498 ct
1215 3430 1376 3515 Gaytono.
1472 3430 1476 3436 '

644 3535 828 3603 Witlelmua
843 3535 965 3603 chle.

644 3639 807 3707 Ricardue
823 3641 1001 3726 de'Thorp.
1137 3675 1139 3678 v

644 3745 810 3811 Wolterus
825 3745 939 3830 Mayn.

642 3849 826 3916 Willclmus
841 3851 872 3916 lc
887 3849 1046 3936 Wrighte.

642 3953 790 4045 Rogerue
806 3954 933 4038 Bedyn.

620 4344 743 4412 Omnes
759 4343 921 4429 predicti³
937 4345 1049 4412 villeta
1064 4349 1260 4430 presentant
1276 4346 1311 4412 in
1327 4339 1482 4415 omnibuo
1504 4348 1590 4415 sicut
1613 4345 1787 4432 inquisicio
1803 4347 1854 4413 set

554 4449 670 4517 dicunt
693 4451 779 4536 quod
802 4450 914 4518 villate
937 4451 1114 4535 predictis⁴
1137 4453 1233 4537 plene
1256 4474 1324 4520 non
1347 4457 1521 4521 venerunt.
1567 4453 1647 4519 Ideo
1669 4453 1705 4519 in
1724 4451 1852 4518 miscri-

553 4553 675 4620 cordia.

730 4851 736 4880 ¹
755 4848 856 4902 Twelve
868 4865 967 4902 names.
1099 4853 1109 4884 ²
1128 4849 1181 4924 so.
1346 4850 1427 4905 'Sto
1594 4851 1602 4882 ⁴
1622 4849 1675 4902 Sic.
