4302 5734
532 565 603 635 112
1001 581 1208 636 concurras·
1235 581 1363 636 aenas.

531 812 582 866 De
601 808 777 864 indictatis
795 823 910 864 coram
928 810 1149 866 Marmaduco
1161 811 1298 866 Darelle
1311 825 1380 866 uno
1394 817 1635 868 coronatorum
1647 812 1831 868 comitatus

598 892 702 946 Ebor'
720 905 757 944 11
775 892 917 946 Northr²
935 897 1013 959 post
1030 893 1217 948 sessionem
1235 894 1400 948 willelmi
1425 896 1524 950 Scots
1548 897 1592 950 ab
1616 909 1707 950 anno
1733 896 1832 960 regni

597 975 688 1042 regis
711 974 874 1029 Edwardi
898 975 997 1028 tercii
1023 989 1043 1028 a
1067 981 1259 1044 conquestu
1283 976 1381 1044 xviij.
1407 992 1517 1044 usquo
1542 977 1732 1032 crastinum
1750 979 1832 1032 Ani·

597 1071 729 1112 marum
747 1071 836 1112 anno
855 1055 1007 1123 eiusdem
1025 1059 1156 1112 domini
1172 1059 1262 1126 regis
1279 1059 1365 1126 xxij.
1412 1059 1574 1127 sequitur
1591 1061 1634 1115 de
1652 1060 1831 1115 indictetis

598 1153 713 1192 coram
730 1138 866 1205 prefato
883 1143 1083 1194 coronatore
1100 1141 1143 1195 de
1162 1155 1251 1194 anno
1269 1141 1367 1208 xviij.

998 1717 1372 1816 [l'ORKSHIRE.¹]

359 1940 444 1982 Meml
535 1931 680 1986 ROTULI
706 1931 995 1985 CORONATORUM
1024 1931 1217 1986 CIVITATIS
1247 1931 1360 1985 EBOR'
1393 1933 1445 1986 DE
1478 1933 1662 1988 TEMPORE
1694 1933 1833 1988 THOME

606 2020 659 2072 DE
673 2019 861 2081 LINCOLN',
873 2019 1077 2071 WILLELMI
1090 2019 1275 2072 FEllROUIt
1288 2019 1337 2071 ET
1351 2019 1512 2072 RchRDI
1531 2021 1584 2072 DE
1602 2020 1833 2074 RAYSEBEKE

565 2109 569 2120 ’
606 2107 711 2158 ANNO
730 2106 853 2158 REGNI
872 2105 989 2158 REGIS
1010 2106 1197 2159 EDWARDI
1221 2106 1353 2159 TERCII
1379 2107 1567 2160 VICESIMO
1592 2108 1833 2160 Tenere-DE

606 2193 790 2245 TEMPORE
832 2191 1037 2244 WILLELMI
1073 2193 1221 2254 WELLE,
1259 2193 1429 2246 ROBERTI
1461 2195 1513 2246 DE
1552 2195 1748 2247 LINDESAY
1784 2195 1834 2248 ΕΤ

606 2279 745 2332 ΤΗΟΜΕ
765 2278 939 2332 ΡΟΤΤΕΒΕ
959 2279 1062 2332 TUNG
1081 2279 1338 2333 BALLIVORUM
1358 2281 1550 2335 CIVITATIS
1569 2282 1692 2336 EBOR’.

602 2423 773 2489 Johannes
797 2413 1033 2505 de'Hoghtone
1056 2426 1173 2507 ceptus
1191 2443 1249 2506 per
1270 2423 1468 2488 mandatum
1490 2425 1615 2489 Thome
1638 2425 1678 2490 de
1699 2425 1835 2508 Rokeby

536 2549 596 2613 pro
612 2527 749 2593 diversis
764 2527 946 2592 latrociniis
963 2527 1051 2592 unde
1066 2547 1178 2592 coram
1198 2528 1269 2610 ipso
1285 2528 1474 2593 vicecomite
1490 2528 1672 2594 indictatus
1687 2532 1737 2594 est
1753 2529 1834 2594 obiit

536 2634 573 2697 in
599 2633 734 2716 prisona
759 2632 902 2696 civitatis
926 2631 1027 2696 Ebor'
1050 2631 1102 2696 die
1125 2631 1220 2696 Lune
1240 2633 1331 2715 prox’
1357 2635 1431 2715 post
1456 2632 1578 2696 festum
1607 2633 1722 2699 Sancti
1745 2633 1835 2697 Petri

538 2736 722 2802 Advincula
737 2755 826 2800 anno
844 2734 937 2818 regni
953 2735 1039 2818 regis
1054 2735 1211 2802 Edwardi
1230 2735 1324 2801 tercii
1344 2739 1418 2820 post
1439 2741 1657 2821 conquestum
1680 2738 1836 2803 vicesimo

361 2841 430 2884 Μ’
538 2839 640 2906 tercio
667 2841 773 2903 morte
798 2859 859 2903 sua
885 2839 1031 2904 naturali
1058 2841 1091 2903 et
1115 2859 1183 2904 non
1210 2839 1354 2905 violenta
1379 2843 1479 2924 prout
1509 2846 1651 2924 quatuor
1682 2842 1836 2925 parochie

538 2943 682 3010 civitatis
697 2943 798 3008 Ebor’
816 2963 913 3026 super
929 2942 1003 3008 visu
1018 2941 1162 3026 corporis
1177 2943 1315 3026 predicti
1331 2942 1495 3009 Johannis
1518 2966 1629 3010 coram
1654 2945 1780 3010 Thema
1797 2945 1837 3009 de

538 3049 688 3115 Lincoln’
706 3050 898 3113 coronatore
914 3050 947 3112 et
962 3047 1058 3113 sociis
1074 3047 1143 3112 suis
1160 3047 1245 3112 dicte
1264 3047 1408 3112 civitatis
1428 3051 1623 3132 presentant
1646 3071 1703 3132 per
1727 3070 1837 3113 sacra-

538 3157 691 3219 mentum
707 3172 816 3218 suum.
862 3151 908 3217 Et
925 3151 1012 3216 idem
1029 3151 1199 3217 Johannes
1215 3149 1364 3234 sepultus
1387 3154 1438 3217 est
1460 3151 1496 3215 in
1519 3153 1682 3219 cimiterio
1704 3152 1838 3218 ecclesie

541 3257 656 3326 Sancti
672 3258 693 3323 J
694 3255 837 3324 ohannis
852 3255 1074 3340 Evangeliste
1089 3255 1131 3321 ad
1147 3258 1282 3339 pontem
1299 3255 1377 3320 Use.

606 3491 785 3558 Nicholaus
802 3489 841 3555 de
857 3489 1005 3574 Appelby
1021 3490 1137 3571 captus
1154 3489 1186 3552 et
1202 3487 1356 3552 detentus
1373 3485 1407 3550 in
1423 3485 1558 3570 prisona
1579 3487 1723 3554 civitatis
1739 3488 1840 3553 Ebor’

540 3619 598 3682 per
624 3599 795 3662 retornum
822 3593 996 3678 cujusdam
1020 3591 1129 3657 brevis
1154 3591 1279 3656 domini
1306 3591 1392 3675 regis
1423 3592 1552 3658 ballivis
1583 3593 1669 3658 dicte
1696 3593 1840 3658 civitatis

540 3703 642 3768 Ebor'
668 3721 726 3784 per
751 3699 914 3764 Thomam
939 3697 979 3762 de
1004 3695 1138 3778 Roleby
1156 3694 1381 3760 vicecomitem
1402 3696 1503 3762 Ebor'
1531 3695 1647 3762 directi
1669 3701 1703 3762 et
1728 3717 1840 3762 coram

536 3803 732 3890 justiciariis
747 3801 875 3868 domini
889 3801 976 3883 regis
992 3799 1080 3884 apud
1096 3800 1233 3866 Westm’
1250 3821 1270 3864 a
1286 3798 1338 3864 die
1357 3801 1471 3866 Sancti
1486 3800 1658 3866 Michaelis
1679 3801 1715 3865 in
1734 3823 1841 3866 unum

541 3930 690 3975 mensem
721 3907 838 3972 ultimo
867 3904 1025 3989 preterito
1055 3903 1227 3980 retornati,
1258 3923 1428 3987 quousque
1452 3905 1646 3970 satisfecerit
1676 3905 1842 3972 Willelmo

541 4015 581 4080 de
606 4013 822 4080 Swurnetone
848 4010 888 4075 de
914 4007 1032 4092 viginti
1052 4007 1144 4072 libris
1167 4005 1263 4090 juxta
1290 4006 1432 4072 formam
1460 4009 1580 4074 statuti
1602 4009 1692 4093 apud
1715 4009 1841 4074 Aotone

364 4145 432 4185 oeus
541 4117 696 4184 Burnelle
721 4137 780 4199 pro
804 4112 1044 4180 mercatoribus
1066 4110 1174 4188 edicti,
1200 4109 1280 4175 obiit
1304 4110 1339 4174 in
1363 4110 1451 4177 dicta
1470 4111 1606 4195 prisona
1628 4112 1680 4176 die
1703 4113 1842 4178 Veneris

540 4223 631 4307 prox'
645 4225 720 4306 post
736 4221 857 4285 festum
874 4215 1124 4300 Assumpcionis
1140 4215 1243 4280 Beate
1259 4215 1364 4279 Maris
1379 4214 1525 4298 Virginis
1541 4237 1630 4281 anno
1645 4217 1739 4299 regni
1755 4215 1842 4299 regis

540 4325 697 4392 Edwardi
721 4323 813 4389 tercii
838 4323 913 4406 post
938 4321 1155 4402 conquestum
1186 4317 1277 4401 xxiij⁰
1307 4319 1414 4382 morte
1444 4339 1505 4383 sua
1531 4319 1679 4383 naturali
1709 4321 1742 4383 et
1773 4340 1842 4384 non

542 4431 687 4498 violenta
716 4430 816 4512 prout
847 4428 990 4510 quatuor
1016 4422 1172 4507 parochie
1196 4421 1283 4487 dicte
1313 4419 1457 4488 civitatis
1481 4422 1732 4506 propinquiores
1757 4422 1844 4488 dicte

577 4689 584 4717 ¹
597 4683 662 4735 'Roll
676 4683 734 4740 215,
752 4683 883 4746 scrip-two
899 4679 1071 4737 membranes
1084 4678 1167 4728 att-36
1217 4677 1244 4727 in
1257 4676 1317 4727 Roll
1329 4678 1386 4727 ale.

542 4753 616 4802 Edu.
630 4752 678 4800 111.
712 4750 791 4798 Mem.
812 4751 884 4806 1-10,
900 4748 1018 4809 inquests
1041 4745 1092 4795 ancl
1110 4760 1166 4807 pre·
1251 4745 1260 4773 ²
1277 4743 1394 4792 Another
1411 4757 1470 4793 csse
1486 4741 1538 4792 like
1556 4741 1601 4792 the
1618 4741 1764 4806 preceding,
1783 4757 1844 4792 con·

544 4823 689 4868 sentments
711 4817 739 4864 in
763 4815 807 4865 the
830 4815 883 4877 city
910 4815 937 4863 ol
962 4812 1030 4862 Yorlr
1054 4812 1086 4874 by
1109 4813 1168 4860 four
1218 4811 1325 4868 cerning
1343 4810 1458 4858 William
1476 4810 1546 4871 Pigg‚
1558 4809 1616 4859 who
1634 4810 1693 4859 died
1710 4810 1737 4858 in
1755 4809 1845 4871 prison

544 4885 676 4948 parislres;
706 4897 783 4930 mem.
808 4882 897 4932 11-10.
922 4878 1035 4941 ‘palaciis
1058 4879 1167 4926 ccrone'
1218 4891 1252 4926 on
1266 4875 1437 4938 Wednesday,
1450 4877 1513 4937 Aug.
1527 4879 1550 4934 5,
1564 4878 1636 4926 1349.

545 4953 755 5014 (presentments
768 4946 892 5008 11111111,
901 4945 969 5009 etc),
980 4945 1031 4992 like
1043 4945 1087 4992 1111
1097 4959 1168 4992 cases
