4364 5736
1067 546 1276 603 &raesens
1303 546 1433 600 BOLLSr

971 829 1232 884 ncxnassntn
1257 831 1311 884 DE
1336 830 1529 883 Ramex.

666 979 847 1063 Inquisitio
861 988 959 1064 capta
974 977 1063 1062 apud
1075 977 1171 1042 Leuc
1180 977 1233 1042 die
1242 977 1399 1042 Mercurii
1414 979 1505 1060 pror’
1518 983 1593 1061 post
1603 979 1723 1042 festum
1741 978 1899 1043 Omnium

425 1071 484 1144 υἷ’
497 1115 560 1147 aaa·
601 1087 800 1152 Sanctorum
834 1105 925 1150 anno
954 1083 1050 1166 regni
1070 1083 1158 1166 regis
1194 1082 1351 1146 Edwardi
1380 1083 1474 1147 tercii
1503 1088 1580 1166 post
1609 1095 1828 1166 conquestum
1852 1085 1901 1147 l·-

423 1169 445 1197 η
479 1169 550 1199 m
599 1213 710 1258 etnam
731 1191 886 1258 iohanne
901 1191 1019 1272 Hardy
1033 1193 1227 1254 coronatore
1250 1189 1379 1253 domini
1401 1189 1490 1271 regis
1511 1189 1548 1253 in
1562 1189 1724 1253 comitatu
1740 1189 1843 1254 Onon'
1859 1189 1900 1254 de

599 1304 706 1364 morte
736 1297 901 1364 Johannis
930 1297 961 1362 le
990 1296 1084 1378 Hepr
1114 1315 1214 1378 super
1243 1295 1354 1358 visum
1379 1293 1526 1377 corporis
1549 1295 1603 1358 sui
1627 1315 1687 1377 per
1712 1315 1900 1358 sacramen·

600 1408 674 1466 tum
698 1450 707 1466 .
732 1449 741 1466 .
766 1401 797 1466 ,¹
844 1399 909 1482 Qui
933 1400 1049 1465 dieunt
1072 1420 1132 1482 per
1165 1403 1414 1463 sacramentum
1444 1419 1543 1463 suum
1574 1397 1662 1481 quod
1685 1398 1824 1480 contigit
1846 1399 1899 1462 die

599 1507 696 1571 Lune
711 1507 802 1589 pror’
818 1511 894 1589 post
909 1504 1036 1570 dictum
1052 1505 1176 1568 testum
1191 1501 1351 1568 Omnium
1368 1501 1567 1568 Sanctorum
1582 1523 1673 1566 anno
1687 1503 1900 1585 supradicto²

487 1695 491 1702 1
517 1692 522 1705 ν
600 1609 700 1674 verba
714 1609 954 1674 contumeliosa
968 1613 1060 1673 mota
1075 1608 1211 1672 fuerunt
1226 1606 1314 1672 inter
1329 1607 1518 1672 lohannem
1537 1605 1709 1689 Skyunere
1723 1611 1757 1670 et
1772 1606 1899 1670 dictum

425 1691 555 1770 ‘rddidit
600 1714 790 1780 lohannem
805 1714 836 1778 le
851 1713 964 1798 Heyre
979 1712 1028 1778 ita
1043 1712 1130 1797 quod
1151 1711 1321 1796 predictus
1342 1711 1516 1777 lohannes
1533 1710 1686 1794 Skynner
1700 1710 1789 1794 apud
1804 1710 1899 1775 Lena

598 1819 762 1904 percussit
776 1817 962 1903 predictum
976 1816 1166 1882 lohannem
1189 1815 1220 1880 le
1235 1814 1347 1898 Heyre
1362 1835 1439 1878 cum
1454 1814 1625 1897 quodam²
1647 1834 1761 1878 secure
1783 1817 1900 1878 vocato

600 1924 777 2009 polhaehet
797 1944 902 2008 usque
924 1921 1015 1988 inira
1040 1921 1213 1986 cerebrum
1240 1919 1329 1985 uude
1349 1919 1465 1985 statim
1491 1919 1573 1984 obiit
1598 1923 1649 1985 set
1672 1919 1844 1983 confessus
1865 1923 1900 1982 et

599 2031 718 2096 habuit
743 2029 857 2094 omnia
878 2029 958 2113 jura
980 2049 1043 2093 sua
1064 2025 1296 2092 ecelesiastica.
1341 2025 1494 2089 Precium
1509 2024 1590 2089 dicti
1613 2024 1790 2108 polhaehet
1805 2023 1898 2106 iij.d.,

599 2141 661 2201 etc.
706 2135 753 2200 Et
768 2135 815 2200 sic
830 2154 906 2200 eum
923 2133 1059 2198 ieloniee
1074 2131 1251 2196 interiecit.
1296 2130 1343 2195 Et
1358 2129 1474 2194 statim
1489 2135 1565 2213 post
1580 2129 1707 2194 dictum
1723 2130 1848 2193 iactum
1864 2150 1899 2192 se

597 2237 742 2304 reddidit
765 2241 799 2304 et
824 2237 947 2302 missas
973 2239 1024 2301 est
1047 2256 1106 2318 per
1130 2234 1258 2299 dictum
1287 2237 1516 2300 coronatorem
1541 2233 1584 2298 ad
1614 2233 1768 2316 gayolam
1797 2233 1898 2296 castri

598 2344 714 2409 (lxon'.
759 2342 885 2407 Dicunt
907 2341 1013 2406 eciam
1035 2359 1094 2424 per
1117 2341 1365 2404 sacramentum
1387 2359 1486 2402 snum
1511 2337 1599 2422 quod
1622 2337 1794 2402 lohannes
1810 2337 1898 2400 lilius

597 2447 737 2532 predicti
753 2447 918 2513 Johannis
935 2446 1109 2530 Schynner
1125 2443 1189 2510 fuit
1211 2443 1375 2528 adjuvans
1397 2447 1431 2508 et
1454 2442 1668 2508 consenciens
1682 2443 1725 2507 ad
1741 2442 1897 2506 telonium

598 2553 781 2637 predictam
797 2551 995 2629 taciendam,
1012 2555 1075 2616 etc.
1121 2551 1167 2616 Et
1183 2554 1326 2634 quatuor
1349 2550 1461 2615 villata
1485 2550 1630 2633 predicte
1653 2548 1730 2613 iude
1746 2548 1898 2612 similiter

598 2661 744 2736 onerate,
759 2657 947 2724 examinate
969 2659 1003 2722 el
1018 2656 1060 2722 ad
1075 2655 1138 2722 hoc
1157 2655 1285 2740 jurati⁴
1309 2675 1461 2738 expresse
1484 2653 1686 2719 concordant
1702 2651 1745 2717 ad
1761 2651 1900 2734 inquisi-

598 2761 726 2828 cionem
743 2760 950 2846 predictam:5

1032 3297 1473 3400 [oxeounsmnue]

598 3511 778 3570 llO'l'ULUS
807 3514 1001 3570 «IOHANNIS
1037 3514 1275 3568 CARSWELLE
1307 3513 1573 3568 coaoam'oais
1599 3512 1745 3565 DOMINI
1780 3511 1896 3564 REGIS

687 3603 729 3656 IN
749 3602 947 3657 COMITATU
967 3601 1080 3656 OXON’
1099 3601 1304 3655 ASSIGNATI
1328 3601 1434 3653 ANNO
1454 3601 1577 3653 REGNI
1598 3601 1715 3652 REGIS
1735 3599 1897 3651 RICARDI

688 3690 861 3744 SECUNDI
886 3689 978 3744 POST
1004 3688 1268 3754 OONQUESTUM
1295 3688 1379 3751 xlm,
1405 3687 1505 3750 XllI⁰‚
1532 3687 1640 3740 ΧΙΙΙΙο
1666 3687 1716 3739 ΕΤ
1747 3685 1812 3740 XV⁰
1842 3686 1897 3738 ΙΝ·

690 3777 854 3831 Tallara.

425 3939 536 3992 Wtwnue
666 3921 846 4008 inquisicio
861 3921 983 3988 ibidem
1000 3924 1098 4005 capta
1113 3919 1165 3986 die
1188 3919 1345 3984 Mercurii
1368 3921 1458 4004 prox‘
1475 3923 1551 4004 post
1567 3921 1688 3986 festum
1704 3919 1897 3985 Natiuitatis

600 4030 702 4096 Beate
727 4029 832 4094 Marie
848 4049 937 4094 anno
961 4025 1054 4109 regni
1080 4025 1167 4108 regis
1182 4025 1317 4089 Ricardi
1340 4025 1476 4090 secundi
1498 4030 1574 4108 post
1599 4030 1816 4109 conquestum
1839 4026 1898 4108 xij⁰

426 4129 553 4170 Wlffl‘*
599 4155 711 4200 coram
724 4133 878 4199 lohanne
888 4131 928 4196 de
939 4130 1109 4196 Carswelle
1121 4132 1313 4194 coronatore
1326 4129 1451 4193 domini
1466 4129 1552 4212 rogis
1568 4129 1604 4193 in
1620 4129 1780 4194 comitatu
1794 4130 1896 4194 Oxon'

422 4181 556 4332 ffiffl,
599 4237 769 4320 assignato
784 4235 824 4302 de
839 4237 947 4301 morte
962 4233 1130 4317 Radulphi
1145 4233 1276 4311 Hosier,
1287 4233 1344 4316 qni
1360 4233 1447 4297 dicto
1463 4233 1616 4298 discisus
1633 4233 1706 4310 luit,
1718 4253 1776 4315 per
1789 4253 1896 4297 sacra-

423 4331 557 4422 {lidiae
599 4347 751 4410 mentum
776 4389 784 4408 .
810 4391 818 4407 .
843 4391 851 4408 .
875 4343 887 4383 ⁷
931 4339 995 4422 Qui
1010 4340 1126 4405 dicunt
1149 4359 1207 4423 per
1223 4343 1471 4404 sacramentum
1488 4359 1587 4402 suum
1611 4339 1697 4421 quod
1714 4338 1897 4404 Willelmus

425 4433 495 4530 llis
508 4431 574 4521 lais.
599 4448 751 4515 Lorimer
766 4447 955 4532 capellanus
971 4445 1011 4511 de
1027 4445 1232 4528 Charlebury
1242 4443 1294 4510 die
1310 4443 1430 4508 Martis
1445 4443 1575 4509 infesto
1587 4443 1779 4508 Natiuitatis
1795 4443 1897 4507 Beate

423 4533 548 4624 lttlttll
600 4555 706 4622 Maris
729 4573 817 4620 anno
834 4551 1023 4636 supradicto
1046 4571 1105 4616 ora
1126 4571 1338 4634 vesperarum
1354 4571 1431 4614 cum
1455 4549 1564 4632 gladio
1586 4548 1748 4632 percussit
1771 4547 1897 4612 dictum

634 4737 640 4768 ¹
659 4733 759 4784 Twelve
770 4747 868 4784 names.
1272 4731 1328 4782 tuin
1340 4745 1420 4795 many
1432 4731 1550 4795 inquests
1568 4730 1668 4781 similar
1686 4729 1713 4778 in
1726 4731 1792 4780 torm
1804 4733 1831 4778 tu
1843 4727 1898 4778 this

632 4803 641 4832 ²
660 4799 845 4866 Supplyqrwa
1010 4801 1020 4828 ⁸
1039 4799 1092 4850 Sic.
1273 4813 1330 4847 one.

633 4870 641 4898 ⁴
661 4868 714 4918 Sic.
1306 4867 1315 4894 ⁶
1332 4863 1390 4914 lloll
1400 4867 1455 4916 136,
1464 4879 1511 4912 one
1521 4863 1677 4919 membrano,
1689 4863 1769 4910 12-15
1778 4861 1852 4910 llic-h.
1863 4861 1897 4909 11.

631 4937 640 4964 '
658 4933 713 4984 'l'hc
726 4931 800 4984 other
812 4931 973 4984 membranas
986 4933 1012 4984 oi
1030 4930 1082 4982 this
1101 4929 1149 4983 roll
1162 4945 1220 4982 con·
1308 4934 1314 4959 ⁷
1334 4931 1434 4980 'l'wclve
1447 4945 1545 4980 naincs.
