4372 5724
552 555 600 628 40
1022 576 1230 634 concanae
1256 578 1387 634 nonas.

493 756 496 762 '
547 743 672 828 junior,
697 743 881 810 Willelmus
909 743 1034 813 Godalc
1054 751 1087 814 ct
1112 749 1279 816 Henricue
1305 750 1335 816 le
1360 749 1450 816 Bous
1477 747 1602 834 junior.
1648 749 1753 834 Plegii
1779 771 1852 836 pre·

552 849 718 915 dictorum
735 850 818 916 alter
834 850 982 917 alterius.

377 970 528 1012 uacuum
619 955 769 1035 Quatuor
795 953 907 1020 villata
933 957 1184 1041 propinquiores
1210 958 1361 1026 videlicet
1393 959 1504 1037 stone,
1528 959 1854 1038 Stohcmaundevill’,

554 1061 788 1144 Byeeopeston'
814 1061 847 1124 et
873 1061 1064 1145 Douynton’
1092 1067 1287 1146 presentant
1308 1065 1396 1148 quod
1423 1064 1475 1130 die
1500 1064 1639 1131 Veneris
1659 1067 1751 1148 prox'
1776 1069 1855 1131 ante

554 1165 677 1230 testum
693 1164 905 1230 Pentecostes
920 1169 991 1232 erat
1009 1166 1192 1250 ¹qu0ddam
1216 1169 1349 1252 potum¹
1368 1190 1467 1253 super
1485 1170 1595 1234 focum
1611 1170 1748 1253 plenum
1771 1190 1855 1253 aque

555 1267 734 1333 bulliante²
750 1269 783 1332 et
800 1268 889 1333 una³
909 1289 967 1352 pes
982 1271 1129 1353 predicte
1144 1271 1207 1336 olle
1222 1272 1320 1354 posit’
1337 1275 1409 1339 erat
1425 1293 1524 1357 super
1540 1273 1709 1356 quandam
1724 1275 1856 1356 petrem

555 1376 589 1438 et
612 1371 729 1438 cecidit
755 1373 796 1438 de
822 1376 917 1456 petra
941 1376 974 1438 et
998 1395 1085 1458 aqua
1108 1375 1252 1441 bulliens
1275 1375 1391 1442 cecidit
1415 1397 1514 1460 super
1536 1376 1729 1442 Johannam
1751 1375 1855 1441 filiam

556 1477 708 1543 Nicholai
730 1477 797 1543 Ros
820 1480 908 1544 etate
933 1477 1062 1544 dimidii
1092 1480 1173 1546 anni
1196 1483 1229 1546 et
1252 1502 1372 1565 parum
1402 1482 1478 1566 plus
1501 1502 1560 1564 per
1583 1503 1685 1566 quam
1706 1481 1857 1566 predicta

556 1584 577 1649 J
579 1581 712 1650 ohanna
728 1583 850 1668 recepit
865 1585 1018 1649 mortem.
1064 1584 1217 1650 Precium
1232 1585 1379 1669 predicte
1394 1587 1457 1653 olle
1472 1586 1508 1670 ij.
1520 1607 1548 1652 s.

382 1903 481 1945 man
624 1875 770 1960 Contigit
786 1876 874 1960 apud
889 1875 1082 1960 Rieeborgh’
1100 1875 1262 1961 Principis
1279 1877 1331 1943 die
1344 1877 1520 1944 Dominica
1535 1878 1627 1964 prox’
1643 1879 1718 1961 post
1735 1877 1857 1942 tastum
1952 1881 1961 1896 ⁰

558 1981 675 2050 Sancti
699 1980 813 2047 Jacobi
837 1979 986 2064 Apostoli
1016 2000 1105 2046 anno
1135 1981 1228 2064 regni
1258 1982 1344 2066 regis
1375 1983 1533 2050 Edwardi
1559 1983 1653 2049 tercii
1678 1984 1754 2065 poet
1780 2002 1857 2046 con·

559 2090 713 2172 questum
729 2084 857 2168 xxxviij.
871 2085 957 2168 quod
973 2085 1144 2150 Johannee
1159 2086 1371 2170 Wynchestr'
1388 2087 1516 2153 invenit
1528 2086 1705 2171 quemdam
1717 2105 1859 2169 puerum

557 2196 728 2259 mortuum
751 2190 839 2274 apud
862 2189 978 2255 Loslec
1000 2189 1036 2254 in
1059 2190 1137 2255 villa
1159 2190 1307 2274 predicta
1330 2194 1363 2257 et
1387 2191 1502 2257 statim
1527 2191 1648 2256 levavit
1673 2189 1858 2256 hutesium.

557 2297 661 2382 Plegii
676 2294 814 2380 predicti
829 2293 993 2360 Johannis
1008 2294 1191 2360 Willelmus
1207 2295 1347 2378 Heryng
1363 2299 1395 2359 et
1412 2294 1719 2364 Gallridus.Bethe‚

625 2403 773 2482 Quatuor
788 2398 888 2464 vicini
910 2397 1160 2482 propinquiores
1183 2399 1350 2463 Henricus
1370 2399 1531 2476 Marchal,
1548 2398 1728 2464 Nicholaue
1744 2397 1859 2476 Kittel,

560 2504 739 2572 Nicholaus
755 2503 935 2586 Carpentcr
951 2504 984 2568 et
999 2501 1099 2586 Hugo
1115 2503 1291 2586 Kyppyng’
1309 2502 1409 2587 plegii
1425 2503 1509 2568 alter
1526 2502 1674 2568 alterius.

385 2639 536 2681 recemum
627 2610 775 2692 Quatuor
798 2607 909 2672 villate
933 2605 1183 2690 propinquiores
1208 2605 1359 2671 videlicet
1386 2604 1581 2690 Riseborgh’
1606 2605 1859 2684 Monachorum,

561 2712 806 2798 Horesyndon',
823 2710 993 2795 Kynebell’
1017 2713 1050 2775 et
1073 2710 1277 2794 Byseborgh’
1296 2710 1461 2796 Principis
1483 2713 1681 2796 presentant
1704 2710 1790 2795 quod
1810 2709 1862 2774 die

565 2815 702 2886 Sabbati
731 2815 821 2899 prox’
845 2815 920 2898 post
944 2813 1067 2880 testum
1092 2813 1207 2880 Sancti
1230 2814 1346 2880 Jacobi
1369 2836 1458 2881 anno
1482 2807 1673 2899 supradicto
1695 2814 1862 2880 Henricus

562 2922 651 3001 filius
674 2919 808 2986 Ricardi
830 2919 1011 3002 Carpenter
1033 2919 1123 2984 etate
1146 2919 1290 2984 duorum
1314 2940 1480 2985 annorum
1511 2919 1629 2986 cecidit
1655 2920 1692 2984 in
1719 2917 1862 3003 quodem

563 3048 642 3097 vase
657 3026 776 3111 plena⁴
793 3045 877 3108 aque
893 3023 1060 3089 holiante⁵
1075 3044 1133 3107 per
1150 3024 1237 3108 quod
1252 3023 1375 3107 recepit
1391 3028 1544 3091 mortem.

630 3127 809 3214 inquisicio
824 3129 922 3210 capta
936 3125 989 3192 die
1005 3127 1038 3191 et
1054 3147 1142 3192 anno
1158 3127 1357 3211 supradictis
1372 3148 1430 3212 per
1447 3131 1695 3194 sacramentum
1706 3125 1864 3194 Willelmi

564 3235 708 3320 Petipas,
725 3231 860 3298 Roberti
875 3231 982 3310 ware,
997 3229 1133 3296 Roberti
1156 3231 1310 3310 Ocladde,
1335 3232 1461 3298 Thome
1477 3233 1696 3310 Cordiwaner,
1709 3231 1864 3316 Hugonis

565 3341 699 3426 Hawys,
716 3335 866 3404 Nicholai
888 3335 999 3420 Kytel,
1016 3335 1171 3420 Hugonis
1195 3337 1385 3421 Kyppyng',
1401 3337 1539 3403 Roberti
1564 3336 1695 3422 Smyth,
1712 3334 1866 3402 Nicholai

566 3446 758 3528 Carpenter,
770 3439 907 3506 Roherti
923 3439 1066 3518 Chobbe‚
1078 3437 1216 3504 Henrici
1231 3439 1370 3505 Bremor
1386 3443 1419 3506 et
1436 3439 1600 3507 Johannis
1618 3439 1796 3528 Sout[cr]e,
1807 3439 1865 3523 qui

566 3551 682 3616 dicunt
698 3547 784 3632 quod
800 3544 966 3611 Henricus
981 3543 1069 3609 filius
1085 3543 1220 3609 Ricardi
1236 3544 1418 3628 Carpenter
1434 3547 1523 3611 etate
1540 3545 1681 3611 duorum
1697 3565 1865 3610 annorum

567 3655 607 3720 de
623 3654 738 3720 Loslee
753 3650 788 3716 in
804 3647 961 3734 parochia
976 3647 1015 3714 de
1031 3649 1234 3732 Ryseborgh'
1251 3648 1415 3733 Principis
1439 3649 1491 3714 die
1516 3649 1653 3718 Sabbati
1675 3650 1765 3733 prox*
1790 3652 1866 3733 post

567 3761 690 3826 festum
708 3755 823 3824 Sancti
839 3752 953 3821 Jacobi
968 3752 1117 3837 Apostoli
1133 3773 1222 3819 anno
1238 3753 1428 3837 supradicto
1444 3755 1560 3820 cecidit
1576 3753 1612 3820 in
1627 3754 1772 3839 quodam
1787 3774 1866 3820 vase

567 3864 665 3949 pleno
680 3881 765 3944 aque
779 3858 937 3924 beliantis
952 3857 987 3922 in
1003 3857 1100 3922 domo
1112 3857 1251 3941 predicti
1266 3857 1401 3924 Ricardi
1416 3861 1449 3926 et
1465 3859 1587 3924 ibidem
1604 3859 1784 3926 scaldiatus
1801 3859 1866 3924 fuit

567 3989 625 4052 per
641 3965 728 4050 quod
744 3962 866 4046 recepit
881 3964 1033 4026 mortem.

391 4199 491 4240 nona
634 4173 782 4259 Contigit
804 4172 893 4256 apud
917 4169 1063 4236 Brehull'
1081 4171 1134 4238 die
1153 4171 1291 4238 Sabbati
1306 4173 1397 4256 prox'
1415 4177 1490 4257 post
1505 4173 1628 4240 testum
1646 4172 1760 4240 Sancti
1776 4172 1867 4239 Petri

567 4282 621 4350 in⁶
637 4278 814 4347 advincula
829 4297 919 4342 anno
935 4275 1029 4358 regni
1044 4275 1130 4359 regis
1146 4276 1303 4342 Edwardi
1318 4279 1413 4343 tercii
1428 4300 1449 4344 a
1464 4283 1646 4363 conquestu
1662 4279 1766 4344 xxxix.
1779 4277 1867 4362 quod

568 4387 740 4454 Johaunes
759 4383 847 4466 Pope
870 4379 997 4445 invenit
1020 4381 1197 4463 quemdam
1219 4381 1390 4446 hominem
1412 4367 1582 4448 mortuum
1598 4382 1777 4450 habentem
1797 4383 1865 4467 pla-

568 4509 645 4576 gam
669 4490 704 4554 in
728 4491 858 4572 pectore
880 4487 913 4550 et
936 4483 1052 4550 statim
1068 4483 1189 4550 levavit
1205 4485 1384 4550 hutesium.
1431 4486 1534 4571 Plegii
1550 4487 1688 4571 predicti
1704 4487 1868 4554 Johannis

569 4597 714 4663 Thomas
730 4593 862 4674 Moryse
877 4593 910 4655 et
926 4588 1070 4654 Thomas
1086 4588 1204 4655 North.

635 4696 845 4784 iiij⁰¹vi11ate
868 4696 1062 4777 presentant
1086 4693 1172 4777 quod
1196 4693 1366 4761 lohannes
1392 4695 1526 4763 Sadclcr
1549 4695 1602 4762 die
1625 4694 1761 4764 Sabbati
1776 4695 1867 4778 prox*

655 4905 684 4933 ¹-·
705 4899 932 4965 asemper.
1054 4964 1059 4974 Ι
1144 4899 1225 4949 ²a.
1369 4967 1373 4976 Ι
1425 4901 1505 4952 rsa.
1705 4900 1786 4951 aaa
1840 4867 1848 4884 ’

999 4963 1079 5015 ⁸8⁸⁶·
1312 4967 1393 5018 ‘Sca
