4372 5724
377 1819 527 1868 Plcgllluven·

377 1871 432 1910 torlr

377 2033 445 2080 Pleffll
455 2033 508 2084 llll«

377 2085 499 2126 vicinorum

551 511 599 584 46
1021 526 1227 584 concauus·
1252 527 1383 584 uonna

551 699 705 766 credente
720 698 827 783 ipsam
843 700 1006 784 Agnetem
1022 719 1093 766 esse
1107 701 1276 765 mortuam
1292 697 1417 782 injecit¹
1434 696 1470 762 in
1486 693 1613 760 dictum
1624 697 1763 780 puteum
1780 696 1850 760 toto

551 824 687 886 corpore
702 803 806 888 ipsius
822 804 959 886 Agnetis
976 803 1135 870 existente
1151 803 1186 867 in
1203 823 1288 887 aqua
1304 807 1414 888 preter
1430 797 1555 868 collum
1566 803 1600 866 et
1623 803 1734 883 caput.
1780 799 1851 880 Qus

552 908 686 990 quidem
704 911 814 990 Agnes
840 908 962 974 ibidem
983 908 1090 991 jacuit
1116 907 1152 972 in
1177 929 1264 991 aqua
1287 907 1438 992 predicte
1458 905 1557 971 modo
1577 904 1726 989 predicto
1747 925 1851 988 usque

552 1011 640 1078 diem
651 1012 788 1078 Veneris
804 1015 894 1097 prox’
911 1013 947 1078 in
968 1013 1132 1079 Paraceve
1155 1012 1301 1090 Domini,
1323 1031 1388 1095 quo
1411 1011 1463 1076 die
1486 1009 1655 1093 predictus
1679 1008 1851 1075 iohannes

553 1117 681 1183 Grovvel
697 1117 802 1200 ipsam
819 1116 947 1183 invenit
959 1117 1126 1201 jacentem
1142 1116 1240 1182 modo
1257 1114 1448 1199 supradicto
1463 1113 1573 1181 adhuc
1589 1113 1766 1180 viventem.
1804 1112 1852 1178 Et
1929 1195 1937 1214 ¹

552 1219 725 1285 nunciavit
747 1220 864 1286 vicinis
895 1221 1017 1286 ibidem
1043 1220 1099 1304 qui
1122 1223 1337 1285 extraxerunt
1361 1239 1436 1284 eam
1459 1218 1500 1284 ds
1522 1219 1624 1302 puteo
1646 1216 1795 1302 predicto
1818 1219 1852 1282 et

552 1323 718 1390 duxerunt
735 1345 809 1390 sam
825 1326 867 1392 ad
888 1325 1025 1392 domum
1050 1324 1214 1408 Margarie
1228 1323 1343 1389 Russh
1358 1322 1393 1388 in
1409 1323 1488 1388 villa
1503 1321 1663 1406 predicta,
1679 1323 1713 1387 et
1728 1320 1851 1386 ibidem

548 1427 656 1511 jacuit
667 1427 780 1495 vivens
793 1431 825 1494 et
837 1429 1016 1512 languebat
1032 1449 1138 1512 usque
1154 1427 1241 1493 diem
1258 1427 1350 1518 iovis
1365 1428 1456 1510 prox’
1468 1426 1504 1491 in
1520 1425 1708 1509 septimana
1723 1425 1852 1490 Pascha

552 1551 618 1614 quo
650 1531 702 1598 die
725 1533 896 1598 occasione
925 1532 1059 1598 lesionis
1090 1530 1236 1616 predicte
1262 1530 1477 1596 moriebatur.
1532 1529 1579 1596 Et
1609 1528 1656 1596 sic
1682 1527 1851 1612 predictus

552 1634 725 1702 lohannes
740 1635 888 1722 Dryvere
903 1637 1088 1721 predictam
1103 1637 1268 1719 Agnetem
1285 1633 1423 1700 felonice
1439 1633 1616 1700 interfecit.

619 1798 790 1866 lohannes
806 1802 876 1866 atte
886 1798 978 1866 Noke

618 1903 780 1970 Ricardus
796 1903 939 1970 Heldere

619 2007 781 2074 Ricardus
796 2008 876 2073 Bole
1045 2053 1053 2079 ‚
1162 2051 1170 2077 2

618 2111 790 2177 lohannes
805 2111 915 2178 Bassh
987 2031 1042 2179 im
1069 2050 1159 2116 ΕΜ
1186 2049 1329 2116 ΜΗΘ

619 2215 788 2282 Gilbertus
804 2215 881 2282 Colo

983 1816 1048 1963 ‘m'
1062 1844 1073 1880 ²
1089 1843 1110 1908 J
1111 1843 1166 1909 oh’
1184 1841 1312 1911 (irowel
1328 1840 1546 1908 inventorem.

618 2321 781 2386 Ricardus
797 2321 878 2386 rau
985 2241 1050 2388 im'
1073 2259 1219 2326 Th⁰¹¹²⁰⁸
1235 2260 1356 2326 ΜΘ·

619 2531 903 2597 lohannesFabel

519 2461 521 2466 .
619 2426 791 2493 iohannes
807 2430 877 2492 atte
894 2425 1050 2602 ‘ilhlm’
1067 2469 1147 2557 Joh·⁸
1161 2471 1283 2540 stem,

377 2929 474 2977 Quotuor
481 2927 521 2969 vll·

377 2981 421 3019 late
429 2977 528 3032 propinq·

378 3235 462 3274 Huudr'
471 3235 498 3276 ds

378 3286 455 3334 Duug'.

379 3335 465 3375 hluldcn

619 2634 781 2700 Ricardus
800 2635 903 2702 Rook’

618 2738 718 2822 Hugo
733 2739 848 2824 Longe

618 2900 736 2967 villata
750 2900 791 2966 de
806 2899 992 2967 Kelvedene
1124 2901 1239 2970 villata
1254 2902 1294 2969 de
1310 2903 1502 2970 Brsdevcll’

619 3006 736 3074 villata
752 3005 792 3072 de
807 3005 1005 3073 Rewenhnle
1124 3007 1239 3075 villata
1255 3008 1295 3074 de
1310 3009 1474 3076 Braxstsd
1489 3007 1624 3093 Magna.

990 2635 1056 2783 lm’
1073 2679 1143 2746 Ric'
1160 2677 1338 2766 Heyvvard.

619 3213 748 3280 Accidit
772 3211 895 3280 ibidem
921 3214 1010 3298 quod
1035 3214 1141 3282 Alicia
1166 3215 1300 3283 Oherles
1323 3215 1363 3283 de
1378 3215 1495 3284 eadem
1509 3215 1589 3282 villa
1615 3214 1668 3282 die
1694 3213 1852 3281 Mercurii

550 3309 643 3403 prox’
660 3321 817 3404 postum⁴
833 3319 1068 3402 Apostolorum
1085 3319 1177 3385 Petri
1192 3322 1225 3386 et
1241 3319 1337 3386 Pauli
1363 3340 1452 3386 anno
1467 3320 1562 3404 regni
1582 3319 1669 3403 regis
1692 3317 1852 3386 Edwardi
1985 3402 1987 3411 y

552 3423 648 3490 tercii
679 3424 755 3507 post
780 3425 999 3506 conquestum
1029 3424 1107 3490 ulvto
1132 3425 1222 3508 apud
1251 3425 1398 3492 Maldon’
1423 3423 1608 3508 predictam
1624 3423 1762 3491 inventa
1786 3423 1851 3489 fuit

552 3531 686 3593 mortua
702 3529 735 3592 et
751 3527 837 3610 quod
854 3527 874 3592 J
876 3527 1026 3592 ohannes
1041 3526 1193 3612 Rahyere
1208 3527 1317 3612 primo
1339 3527 1447 3614 ipsam
1470 3531 1640 3594 mortuam
1662 3527 1801 3604 invenit,
1817 3530 1851 3594 et

552 3631 726 3696 nunciavit
752 3633 895 3714 quatuor
921 3630 1038 3696 vicinis
1069 3631 1360 3716 propinquioribus
1384 3631 1536 3698 videlicet
1559 3633 1703 3698 Roberto
1733 3631 1849 3714 Peper,

553 3733 701 3802 iohanni
725 3734 818 3812 Tres,
834 3734 999 3802 Willelmo
1015 3735 1091 3802 Bevv
1107 3740 1140 3802 et
1162 3734 1328 3802 Willslmo
1350 3736 1509 3814 Arundel,
1526 3735 1583 3820 qui
1605 3735 1851 3802 nunciaverunt

553 3839 704 3906 Galfrido
720 3842 790 3906 atte
801 3839 905 3907 Wode
920 3841 1041 3906 ballivo
1057 3840 1183 3907 domini
1198 3842 1294 3925 regis,
1306 3841 1362 3926 qui
1372 3842 1506 3926 quidem
1522 3840 1663 3907 ballivus
1678 3839 1851 3906 nunciavit

553 3942 701 4010 iohanni
716 3943 757 4009 de
773 3943 1057 4029 Gestnyngtborp'
1070 3945 1129 4010 uni
1144 3947 1328 4012 coronator’
1340 3946 1517 4012 comitatus
1530 3944 1679 4030 predicti,
1691 3943 1748 4029 qui
1760 3943 1852 4010 venit

553 4048 677 4114 ibidem
692 4048 745 4114 die
770 4047 909 4116 Sabbati
926 4050 1017 4134 prox'
1034 4052 1110 4133 post
1137 4051 1261 4116 testum
1276 4051 1462 4135 predictum
1478 4050 1521 4117 ad
1536 4049 1716 4116 videndum
1732 4068 1851 4132 corpus

553 4153 700 4236 predicte
709 4152 821 4220 Alicie.
860 4153 906 4219 Et
916 4153 1085 4237 predictus
1095 4155 1116 4220 J
1118 4155 1171 4220 oh’
1182 4155 1334 4240 Rahyere
1345 4155 1500 4221 inventor
1511 4153 1657 4220 ostendit
1674 4153 1704 4219 ei
1720 4173 1850 4237 corpus,

553 4257 611 4342 qui
633 4257 716 4324 vidit
743 4259 777 4324 et
800 4257 960 4341 palpavit,
976 4261 1009 4323 et
1032 4258 1171 4343 inquirit
1187 4259 1227 4326 de
1242 4267 1349 4343 morte
1365 4259 1514 4344 predicta
1529 4279 1587 4343 per
1603 4260 1852 4325 sacramentum

553 4363 680 4429 Thome
710 4363 905 4442 Bretevsll’,
935 4363 1105 4448 Radulpbi
1135 4365 1305 4442 coleman,
1336 4363 1502 4432 iohannis
1532 4364 1697 4441 Fletcher,
1725 4363 1852 4428 Thome

553 4467 662 4544 Child,
688 4467 814 4533 Thema
837 4467 965 4545 Pecoh’,
993 4468 1158 4535 iohannis
1183 4469 1299 4554 Traps,
1332 4469 1458 4536 Thema
1489 4468 1654 4546 Sandone,
1686 4465 1852 4533 iohannis

553 4570 728 4648 Elmsted’,
739 4570 903 4636 iohannis
919 4571 1057 4656 Gyveyn
1070 4572 1224 4656 junioris,
1238 4573 1401 4640 Johannis
1411 4571 1521 4650 Rech',
1533 4571 1697 4638 iohannis
1709 4571 1852 4654 Prentys

553 4679 586 4743 et
613 4676 778 4742 iohannis
802 4677 910 4742 Hert'.
957 4677 1020 4758 Qui
1047 4678 1162 4745 dicunt
1190 4699 1288 4763 super
1305 4680 1664 4746 sacramentumsuum
1688 4677 1775 4761 quod
1798 4677 1851 4742 die

653 4881 854 4946 ¹Supp1yecm.
970 4887 1207 4949 ²mccuccpcruct.
1309 4884 1390 4936 'Sic
1501 4884 1750 4948 ⁴i.e.postfcstum.
