4364 5736
593 567 640 642 75
1061 587 1269 646 concurras
1294 590 1424 646 nonus.

593 754 745 839 Gregorii
763 777 852 824 anno
867 756 962 842 regni
984 757 1071 842 regis
1093 757 1238 825 Edwcrd
1262 781 1315 826 xv.
1331 760 1459 826 habens
1484 759 1653 844 quandam
1677 761 1812 848 plagam
1834 781 1894 848 per

594 859 875 945 mediumccrpus
891 883 967 928 cum
984 884 1053 929 unc
1068 862 1177 928 lancia
1192 864 1280 929 unde
1296 866 1438 930 mortem
1448 864 1583 948 recepit.
1621 867 1801 950 Inquisieio
1816 865 1894 932 inde

595 966 693 1046 capta
705 964 769 1030 fuit
784 985 895 1030 coram
908 965 1042 1033 Simone
1055 966 1094 1031 de
1106 967 1359 1051 Keylemcrsche
1375 970 1568 1034 coronatore
1577 989 1636 1051 per
1646 973 1894 1036 sacramentum

594 1066 651 1151 xij.
669 1070 701 1132 et
717 1068 757 1134 de
773 1073 916 1152 quatuor
928 1071 1052 1136 villatis
1068 1070 1218 1136 videlicet
1229 1073 1434 1150 Wellelordc,
1447 1072 1630 1157 Stauesby,¹
1643 1073 1895 1157 Gildesburghe,

595 1169 767 1256 Esscheby
782 1193 858 1236 cum
875 1173 1060 1257 Therneby,
1077 1173 1134 1256 qui
1150 1174 1265 1240 dicunt
1280 1196 1339 1258 per
1354 1179 1602 1241 sacramentum
1624 1197 1723 1240 suum
1739 1177 1825 1260 quod
1842 1176 1896 1240 die

596 1273 617 1340 J
619 1274 688 1339 ovis
703 1275 853 1359 proxima
869 1278 1028 1360 preterita
1043 1278 1205 1342 Ricardu‘s
1229 1278 1318 1344 filius
1339 1279 1494 1346 Willelmi
1509 1280 1539 1345 le
1559 1280 1674 1346 Glerkc
1685 1281 1725 1346 de
1743 1281 1846 1347 Greke
1861 1282 1895 1346 ct

596 1379 767 1445 lohannes
791 1380 880 1446 filius
905 1381 1039 1448 Ricardi
1065 1382 1105 1446 de
1129 1382 1301 1466 Esscheby
1327 1383 1463 1448 fuerunt
1490 1383 1585 1449 electi
1616 1384 1658 1449 ad
1685 1385 1897 1450 serviendum

598 1484 731 1550 domino
761 1485 831 1568 regi
862 1489 978 1552 contra
1007 1487 1121 1554 Scotos
1151 1487 1240 1572 apud
1267 1488 1384 1554 Ncrht'
1412 1491 1446 1554 ct
1472 1487 1593 1554 viando
1623 1491 1785 1554 venerunt
1809 1487 1898 1571 apud

598 1587 771 1673 Esscheby
785 1593 818 1655 et
833 1589 1033 1656 invenerunt
1050 1591 1176 1657 dictum
1192 1591 1381 1658 lohannem
1397 1593 1455 1676 qui
1478 1613 1534 1658 eos
1557 1593 1665 1676 elegit,
1682 1593 1731 1658 ita
1754 1592 1842 1676 quod
1857 1591 1898 1656 lis

599 1695 692 1758 mota
708 1697 757 1758 est
772 1693 859 1758 inter
875 1714 941 1760 eos.
986 1694 1033 1760 Et
1049 1698 1129 1760 tunc
1146 1695 1254 1762 dictus
1270 1697 1291 1761 J
1292 1696 1441 1762 ohannes
1457 1695 1541 1780 fugit
1557 1699 1590 1763 et
1606 1717 1683 1761 eum
1699 1695 1804 1762 secuti
1819 1697 1899 1761 sunt

599 1815 704 1879 usque
715 1796 756 1862 ad
766 1795 890 1863 atrium
899 1797 1037 1864 Waltcri
1049 1797 1109 1863 filii
1121 1800 1190 1865 Ade
1203 1803 1236 1866 et
1245 1800 1292 1865 ibi
1303 1800 1465 1866 Ricardus
1476 1800 1566 1866 filius
1575 1799 1731 1868 Willelmi
1742 1800 1772 1864 16
1785 1798 1900 1864 Olerke

601 1899 751 1966 deOrelre
761 1922 838 1966 eum
847 1901 1010 1986 percussit
1020 1923 1097 1967 cum
1107 1924 1175 1970 una
1184 1903 1293 1970 lancia
1302 1925 1360 1988 per
1370 1903 1518 1970 medium
1527 1924 1646 1988 corpus
1658 1903 1746 1968 unde
1756 1905 1900 1968 mortem

602 2003 726 2089 recepit
742 2009 780 2070 ut
803 2027 914 2090 supra.
959 2007 1006 2072 Et
1029 2010 1104 2090 post
1126 2009 1209 2073 illud
1232 2009 1359 2074 lactum
1382 2007 1462 2074 dicti
1484 2008 1648 2074 Ricardus
1672 2011 1705 2074 et
1728 2007 1900 2074 Johannes

601 2107 690 2174 filius
706 2109 839 2175 Ricardi
855 2110 894 2175 de
911 2110 1150 2196 Goldesscbeby
1170 2115 1353 2195 posuerunt
1369 2133 1404 2179 se
1419 2112 1454 2177 in
1470 2115 1585 2196 fugam
1601 2112 1644 2178 ad
1666 2111 1837 2178 ecelesiam
1860 2111 1901 2176 de

602 2212 783 2297 Esscbeby,
795 2216 828 2279 et
838 2213 953 2279 statim
968 2219 1131 2280 venerunt
1146 2215 1298 2283 homines
1314 2215 1408 2282 electi
1424 2217 1464 2282 de
1480 2216 1597 2282 Norht'
1610 2236 1726 2282 versus
1741 2235 1852 2298 regem
1867 2217 1901 2280 et

604 2320 819 2400 sumpserunt
842 2337 897 2383 ecs
920 2317 953 2384 vi
975 2321 1008 2384 et
1031 2318 1133 2384 armis
1158 2322 1250 2386 extra
1273 2320 1445 2386 ecclesiam
1468 2319 1511 2385 ad
1534 2318 1744 2386 serviendum
1767 2318 1902 2384 domino

604 2421 685 2505 regi.
731 2421 848 2488 Dictus
865 2421 1036 2489 Johannss
1051 2423 1140 2489 filius
1158 2423 1303 2492 Simonis
1318 2423 1449 2490 Rcbsrd
1472 2424 1552 2490 vixit
1572 2445 1631 2507 per
1655 2424 1738 2490 duos
1761 2423 1831 2488 dies
1852 2443 1901 2488 se·

606 2527 755 2607 quentes,
771 2525 939 2591 confessus
955 2527 1218 2592 communicatus
1233 2527 1448 2594 moriebatur.
1488 2527 1632 2594 Predicti
1647 2547 1724 2594 vero
1739 2525 1902 2593 Ricardus

607 2631 640 2692 ct
656 2628 827 2694 lohannes
843 2629 936 2694 nulla
950 2629 1140 2696 habuerunt
1157 2631 1289 2696 catalla.

509 3324 536 3354 ¹¹0
675 3307 772 3375 Unus
787 3308 1010 3391 predictorum
1025 3309 1195 3376 latronum
1211 3311 1268 3394 qui
1291 3331 1326 3377 se
1349 3314 1444 3377 vocat
1468 3310 1489 3376 J
1490 3311 1657 3377 ohannem
1673 3311 1712 3376 de
1728 3309 1906 3376 Dichlorde

610 3411 706 3496 fugiit
722 3411 764 3478 ad
781 3411 951 3478 ecclesiam
967 3413 1006 3479 de
1021 3415 1175 3480 Wottone
1190 3417 1223 3480 et
1238 3415 1349 3499 posuit
1366 3414 1451 3480 sein
1468 3415 1583 3480 eadem
1605 3434 1665 3500 pro
1689 3415 1811 3480 telonia
1833 3436 1905 3499 prs·

610 3516 709 3594 dicta,
726 3519 759 3581 et
775 3515 890 3581 ecdem
906 3517 958 3582 dic
973 3517 1129 3582 Mercurii
1145 3539 1256 3584 coram
1272 3517 1419 3602 predicto
1434 3519 1575 3584 Ricardo
1591 3519 1697 3585 Luvel
1713 3521 1907 3584 coronatore

611 3624 644 3686 et
660 3640 770 3685 coram
786 3620 941 3703 predictis
957 3625 1099 3704 quatuor
1114 3621 1237 3688 villatis
1253 3622 1293 3688 de
1308 3622 1457 3706 predicta
1480 3621 1601 3689 felonia
1616 3623 1769 3706 cognovit
1786 3643 1820 3689 66
1836 3643 1908 3688 esec

611 3725 808 3807 culpabilem
839 3727 872 3790 et
902 3745 1041 3809 regnum
1072 3726 1189 3809 Anglie
1218 3725 1340 3792 ibidem
1365 3726 1532 3810 abjuravit
1562 3730 1595 3793 st
1624 3727 1743 3793 habuit
1773 3730 1908 3812 portum

611 3828 763 3894 Dovorie.
810 3826 938 3895 Catella
953 3828 1024 3913 ejus
1041 3851 1128 3895 unus
1152 3830 1290 3914 gladius,
1303 3830 1330 3914 j.
1346 3831 1499 3896 cultellus
1511 3833 1544 3896 et
1556 3831 1583 3915 j.
1599 3829 1747 3915 courtepi
1762 3829 1910 3916 appreci-

613 3935 713 3998 antur
732 3931 775 3998 ad
790 3932 878 4016 xviij.
895 3932 927 3997 d.
972 3933 1095 4000 Villata
1110 3934 1150 3999 de
1165 3935 1320 4000 Wottone
1335 3934 1556 4018 respondebit.

679 4035 741 4102 Die
756 4037 893 4103 Veneris
908 4039 998 4121 prox’
1016 4041 1172 4121 sequente
1186 4037 1353 4122 predictus
1370 4039 1390 4103 J
1391 4039 1540 4104 ohannes
1550 4037 1590 4104 de
1602 4035 1780 4104 Dichforde
1795 4037 1909 4104 inven-

614 4143 669 4206 tus
685 4139 748 4206 luit
764 4140 799 4204 in
815 4142 940 4226 campis
962 4141 1001 4207 de
1025 4141 1170 4208 Oolintre
1195 4143 1373 4208 decolatus.
1420 4143 1599 4226 inquisicio
1623 4142 1701 4208 inde
1723 4145 1821 4226 capta
1847 4141 1911 4206 fuit
1992 4143 1995 4150 “

615 4264 727 4310 coram
742 4245 781 4308 R.
798 4245 903 4310 Luvel
918 4249 1110 4312 coronatore
1125 4268 1183 4330 per
1200 4250 1446 4313 sacramentum
1458 4247 1512 4330 xij.
1526 4250 1559 4312 et
1574 4246 1614 4311 de
1630 4248 1773 4330 quatuor
1788 4245 1911 4311 villatis

615 4348 766 4414 videlicet
782 4349 928 4416 Colintre
943 4371 1019 4415 cum
1035 4351 1248 4430 Middeltone‚
1263 4353 1483 4430 Gortenhalle,
1499 4353 1653 4420 Wottone
1669 4354 1701 4417 et
1718 4351 1839 4434 Throp,
1855 4349 1913 4433 qui

616 4451 731 4516 dicunt
758 4452 845 4536 quod
869 4453 1035 4536 predictus
1059 4454 1229 4521 lohannes
1254 4456 1306 4522 die
1333 4456 1490 4522 Mercurii
1514 4457 1604 4540 prox’
1626 4455 1808 4540 preterito³
1824 4451 1913 4537 apud

616 4557 771 4622 Wottone
801 4578 912 4624 coram
943 4563 1135 4625 coronatore
1161 4581 1300 4644 regnum
1325 4561 1441 4645 Anglie
1472 4559 1638 4644 abjuravit
1662 4563 1695 4626 ct
1720 4558 1835 4625 eodem
1861 4556 1914 4622 die

652 4861 659 4890 ¹
678 4861 805 4926 Navesby.
1290 4865 1440 4916 membrana
1452 4865 1485 4929 by
1497 4864 1542 4914 the
1554 4863 1616 4914 cath
1628 4863 1655 4913 ol
1667 4861 1756 4912 twelue
1769 4863 1850 4924 [men]
1863 4859 1916 4910 and

651 4929 661 4958 ²
678 4927 761 4980 There
774 4945 815 4982 are
833 4929 891 4982 tour
907 4945 979 4982 more
996 4929 1115 4994 inquests
1133 4946 1168 4982 on
1185 4930 1240 4982 this
1290 4933 1416 4984 lcurvllls
1428 4929 1648 4984 batere-Simcnol
1661 4928 1807 4979 Kelmcrsh.
1840 4927 1915 4980 ’ste
