4364 5736
601 562 671 636 107
1066 579 1274 636 cosonnns’
1299 579 1429 636 sonas

600 748 726 818 domini
748 749 834 834 regis
857 749 892 817 in
916 747 1050 817 civitate
1074 751 1164 817 Nove
1191 751 1262 818 Sar’
1287 751 1327 818 dc
1349 753 1456 818 morte
1478 749 1635 819 Willelmi
1658 751 1777 820 Bierde
1800 771 1900 838 super

425 873 576 914 mortanum
600 877 720 940 corpus
743 877 844 920 suum
866 875 1003 940 presens
1026 875 1084 938 per
1108 857 1355 922 sacramentnm
1379 903 1388 921 .
1413 903 1422 920 .
1447 855 1472 921 .¹
1507 854 1686 922 liberorum
1709 857 1899 942 juratorum

600 963 633 1026 et
663 959 798 1026 Robsrti
836 959 1093 1044 Ourtlyngstoke
1123 959 1354 1026 aldremanni²
1384 959 1424 1025 de
1462 959 1554 1025 Novo
1585 959 1663 1027 Vico
1693 964 1726 1027 st
1756 965 1899 1046 quatuor

599 1065 775 1130 hominnm
797 1063 981 1132 vicinorum
1005 1064 1153 1148 ejusdem
1177 1063 1423 1142 aldremanrie‚²
1446 1063 1612 1131 Johannis
1636 1065 1791 1150 Drowery
1815 1065 1898 1130 aldr'

601 1169 641 1236 de
671 1169 758 1236 Foro
783 1171 816 1235 ct
846 1171 989 1253 quatuor
1019 1168 1194 1234 hominum
1225 1168 1410 1235 vicinorum
1436 1169 1585 1252 ejusdem
1609 1169 1703 1247 aldr’,
1734 1169 1899 1236 Johannis

601 1273 693 1338 Belle
709 1273 791 1338 aldr’
808 1273 848 1338 de
862 1274 984 1341 Sancto
996 1272 1143 1338 Martino
1159 1275 1192 1338 et
1205 1276 1346 1356 quatuor
1362 1272 1537 1338 hominum
1549 1271 1734 1338 vicinorum
1750 1273 1899 1356 ejusdem

601 1379 696 1456 aldr',
709 1378 730 1443 J
731 1377 875 1442 ohannis
888 1377 1038 1443 Gammal
1053 1376 1135 1442 aldr'
1153 1376 1194 1441 de
1209 1378 1311 1443 Prato
1322 1380 1355 1443 et
1367 1379 1510 1461 quatuor
1525 1377 1700 1442 hominum
1711 1377 1898 1445 vicinorum

600 1483 749 1566 ejusdem
765 1480 859 1547 aldr’.
901 1481 966 1561 Qui
981 1500 1096 1546 omnes
1107 1480 1213 1564 jurati
1228 1480 1344 1546 dicunt
1359 1501 1417 1564 per
1433 1486 1680 1546 sacramentum
1697 1502 1796 1546 suum
1812 1479 1899 1564 quod

601 1586 647 1652 ibi
662 1586 749 1670 ignis
765 1585 897 1651 irrcaute
913 1584 1097 1650 custoditus
1120 1585 1155 1648 in
1178 1583 1277 1650 domo
1300 1583 1440 1668 predicti
1454 1584 1611 1650 Willelmi
1634 1583 1754 1650 Bierde
1776 1585 1900 1650 lectum

601 1689 673 1773 ejus
696 1693 876 1756 cremasset
898 1691 995 1754 nocte
1018 1691 1175 1772 sequente
1197 1692 1272 1773 post
1296 1687 1384 1754 diem
1407 1688 1565 1754 Omnium
1590 1689 1788 1755 Sanctorum
1812 1710 1901 1756 anno

603 1794 697 1878 regni
712 1794 799 1878 regis
815 1793 949 1859 Ricardi
972 1793 1109 1858 secundi
1131 1796 1207 1876 post
1230 1795 1448 1876 conquestum
1464 1793 1592 1876 quinto,
1609 1791 1698 1858 idem
1714 1793 1901 1860 Willelmns

602 1898 721 1964 Bierde
743 1896 928 1981 percipiens
952 1895 1136 1980 dampnum
1160 1900 1193 1962 st
1216 1897 1400 1980 periculum
1427 1895 1576 1980 ejusdem
1598 1895 1685 1979 ignis
1708 1896 1840 1962 intrans
1864 1897 1900 1962 in

602 2023 770 2069 cameram
781 2001 818 2066 in
830 2021 896 2086 qua
907 1999 1016 2066 dictus
1027 2001 1114 2084 ignis
1129 2004 1201 2066 crat
1216 2022 1255 2066 ex
1265 1999 1369 2067 nimio
1379 2001 1472 2065 inmo
1483 2000 1605 2068 ibidem
1617 2001 1706 2067 idem
1715 2001 1901 2068 Willelmus

602 2106 782 2172 suffocatus
805 2107 876 2172 erat
900 2107 933 2170 et
956 2103 1002 2170 sic
1024 2107 1167 2172 mortem
1191 2125 1287 2170 suam
1309 2105 1396 2189 cepit
1414 2105 1493 2189 jura
1516 2103 1643 2170 habens
1667 2105 1901 2172 ecclesiastica.

602 2211 649 2277 Et
679 2209 768 2293 quod
797 2208 910 2274 nullus
940 2211 992 2275 cst
1022 2228 1124 2274 causa
1153 2208 1271 2274 mortis
1302 2229 1371 2274 suc.
1417 2209 1464 2274 Et
1494 2207 1623 2292 primus
1653 2207 1806 2274 inventor
1837 2209 1902 2276 fuit

603 2314 775 2381 Johannes
791 2313 919 2378 Bocher
942 2311 1088 2378 serviens
1112 2312 1259 2396 ejusdcm
1275 2313 1432 2380 Wiitslmi
1456 2312 1514 2396 qui
1536 2315 1760 2396 manucaptus
1776 2314 1827 2380 cst
1842 2333 1902 2396 per

603 2418 788 2484 Henricnm
803 2418 913 2496 Daws,
928 2415 1131 2484 Willslmum
1146 2416 1229 2484 Lok.

671 2659 841 2725 Johannes
872 2657 1032 2722 Bristows
1055 2657 1095 2722 de
1118 2657 1211 2724 Nova
1235 2658 1308 2725 Sar'
1339 2657 1449 2724 webbe
1479 2655 1570 2724 venit
1593 2657 1628 2722 in
1652 2656 1786 2723 civitate
1809 2657 1902 2723 Nove

606 2765 678 2830 Sar'
703 2759 756 2828 die
779 2761 916 2828 Sabbati
931 2761 1021 2844 prox’
1038 2762 1113 2843 post
1137 2761 1258 2826 festum
1285 2761 1400 2828 Sancti
1414 2761 1581 2828 Ambrosii
1596 2782 1685 2828 anno
1699 2761 1794 2846 regni
1815 2762 1904 2845 regis

604 2866 738 2932 Ricardi
761 2865 897 2931 secundi
920 2875 994 2948 post
1018 2868 1236 2948 conquestum
1256 2865 1373 2950 quinto
1388 2867 1422 2932 et
1438 2887 1549 2932 coram
1565 2866 1815 2932 coronatoribus
1829 2887 1903 2950 pre·

605 2971 702 3036 dictis
733 2968 911 3053 appellavit
942 2968 1131 3034 Johannom
1160 2968 1284 3034 Downe
1314 2969 1371 3053 qui
1401 2973 1482 3035 tunc
1512 2990 1648 3054 presens
1676 2971 1740 3035 fuit
1766 2973 1800 3036 et
1826 2989 1904 3035 cum

604 3094 808 3158 manuopera
829 3071 1015 3156 subscripto
1032 3075 1162 3155 captus,
1179 3073 1266 3156 qnod
1281 3071 1351 3156 ipse
1367 3073 1538 3139 Johanncs
1553 3073 1677 3140 Downe
1692 3074 1745 3140 dis
1761 3074 1852 3140 Jovis
1868 3073 1904 3138 in

514 3215 550 3246 sus
607 3177 794 3262 septimana
807 3176 933 3242 Pascha
949 3197 1038 3242 anno
1054 3175 1244 3260 supradicto
1260 3177 1326 3242 duo
1341 3177 1545 3260 coopertoria
1560 3177 1662 3262 precii
1676 3178 1720 3262 vj.
1734 3199 1761 3244 s.
1777 3177 1847 3262 viij.
1859 3178 1904 3257 d.,

607 3283 672 3348 duo
702 3280 945 3347 lintheamina³
974 3280 1076 3364 precii
1106 3280 1141 3364 ij.
1158 3301 1196 3360 s.,
1223 3301 1329 3346 unum
1359 3283 1511 3364 tapetum
1541 3281 1643 3366 precii
1669 3281 1712 3367 vj.
1738 3282 1782 3361 d.,
1799 3303 1905 3347 unum

607 3385 855 3468 manutergium
878 3383 981 3467 precii
996 3383 1039 3467 vj.
1052 3383 1096 3463 d.,
1121 3402 1227 3449 unum
1249 3383 1400 3450 velamen
1423 3384 1472 3449 fili
1491 3385 1594 3468 precii
1616 3385 1676 3471 iiij.
1690 3385 1721 3450 d.
1738 3389 1771 3452 et
1798 3407 1906 3451 unum

608 3489 728 3573 whytel
758 3488 859 3572 precii
889 3488 932 3573 vj.
960 3487 1005 3566 d.,
1030 3487 1135 3571 ipsius
1166 3487 1331 3554 Johannis
1361 3487 1521 3556 Bristowe
1552 3490 1641 3573 apud
1672 3489 1801 3556 Novam
1834 3489 1906 3557 Sar’

608 3591 745 3657 seloniee
768 3593 899 3657 furatus
923 3590 998 3656 fuit.
1045 3591 1151 3675 Super
1174 3612 1240 3675 quo
1261 3591 1391 3676 appello
1413 3591 1456 3658 ad
1474 3593 1742 3676 prosecucionem
1758 3594 1908 3679 ejusdem

610 3694 774 3762 Johannis
790 3695 949 3761 Bristowe
964 3715 1075 3760 coram
1092 3695 1245 3760 Johannc
1266 3695 1411 3780 Gcweyn
1434 3695 1554 3762 ballivo
1577 3697 1741 3763 libertatis
1764 3697 1909 3781 episcopi

499 3837 500 3840 π
612 3801 683 3867 Sar'
701 3799 790 3883 apud
807 3800 933 3865 Novam
960 3799 1033 3866 Sar'
1049 3819 1204 3882 processu
1226 3797 1304 3864 inde
1327 3799 1521 3866 continuato
1548 3801 1588 3867 ds
1614 3801 1763 3884 predicta
1786 3801 1909 3868 felonia

611 3903 780 3970 convictus
792 3903 856 3969 fuit
872 3905 905 3969 ct
921 3922 1102 3986 suspensus
1119 3903 1213 3968 nulla
1227 3901 1354 3969 habens
1369 3903 1456 3970 bona
1472 3925 1531 3971 seu
1546 3905 1678 3972 catalla.

438 4202 524 4242 Mem-²
613 4195 792 4251 ROTULUS
825 4193 989 4248 RECORD'
1021 4193 1160 4248 ΤΗΟΜΕ
1187 4195 1370 4250 BOWIERE
1406 4195 1457 4250 ΕΤ
1488 4197 1694 4251 WILLELMI
1731 4198 1910 4253 GODMAN·

641 4284 764 4340 STONE
790 4281 1078 4337 CORONATORUM
1103 4282 1249 4336 DOMINI
1271 4283 1388 4338 REGIS
1407 4283 1449 4337 IN
1469 4285 1650 4340 ΟΙἮΤΑΤΕ
1670 4287 1774 4342 NOVE
1795 4287 1886 4341 SAR’.

680 4427 860 4511 Inquisicio
883 4429 981 4511 capta
1003 4426 1093 4510 apud
1120 4426 1247 4492 Novam
1272 4427 1344 4495 Sar'
1368 4427 1420 4494 die
1443 4429 1539 4496 Lune
1560 4431 1652 4514 prox’
1683 4433 1759 4515 post
1789 4432 1913 4498 festum

617 4533 731 4602 Sancti
746 4533 900 4598 Barnabe
916 4531 1065 4616 Apostoli
1081 4552 1169 4598 anno
1191 4532 1287 4624 regni
1308 4533 1395 4618 regis
1417 4534 1552 4602 Ricardi
1576 4536 1713 4604 secundi
1736 4541 1811 4623 post
1835 4558 1913 4604 con·

752 4888 758 4916 1
777 4885 877 4936 Twelve
889 4899 988 4935 names.
1190 4887 1200 4916 ²
1217 4886 1272 4938 ns.
1289 4886 1366 4938 aran
1552 4891 1561 4920 ¹
1578 4889 1634 4943 ns.
1660 4869 1768 4944 rencia.
