4302 5734
394 2115 543 2156 infortunium

1036 565 1243 620 CORONERS'
1269 565 1390 621 IlOLLS

635 1574 814 1658 lnqnieioio
837 1579 935 1661 capta
957 1577 1046 1663 apud
1071 1578 1311 1664 Scardcburgh’
1329 1601 1440 1646 coram
1464 1577 1603 1664 prefatis
1619 1580 1869 1647 coronatoribns

569 1681 622 1746 die
646 1681 784 1746 Veneris
814 1683 904 1763 prox’
930 1685 1005 1766 post
1029 1683 1172 1750 Octabas
1201 1684 1316 1750 Sancti
1342 1683 1515 1750 Michaelis
1540 1704 1630 1748 anno
1660 1684 1755 1767 regni
1782 1687 1869 1770 regis

569 1783 702 1850 Ricardi
726 1785 862 1868 secundi
887 1785 1106 1852 sextodecimo
1136 1809 1235 1872 super
1258 1789 1332 1854 visu
1355 1787 1501 1872 corporis
1525 1787 1690 1852 lobannis
1715 1789 1807 1855 Belle
1829 1790 1870 1855 dc

569 1889 690 1973 Fyvele
720 1910 778 1972 per
809 1889 864 1972 xij.
890 1891 965 1955 ville
996 1888 1036 1956 de
1069 1891 1311 1976 Scardeburgh’
1344 1893 1468 1959 scilicet
1492 1939 1500 1956 .
1526 1939 1535 1956 .
1561 1891 1582 1956 ‚¹
1605 1891 1749 1975 juratos.
1806 1893 1871 1975 Qui

569 1993 684 2058 dicunt
708 1989 807 2077 super
830 1997 1077 2060 sacramentnm
1102 2017 1200 2061 sunm
1225 1997 1313 2080 quod
1337 1997 1389 2062 die
1405 1996 1497 2063 Jovis
1513 1997 1604 2080 prox’
1629 1999 1703 2079 post
1727 1996 1870 2064 Octabas

572 2097 687 2164 Sancti
711 2097 883 2163 Michaelis
911 2120 1000 2164 anno
1028 2100 1248 2166 sextodecimo
1279 2101 1469 2185 supradicto
1500 2100 1668 2184 predictus
1699 2101 1870 2167 Johannes

569 2203 661 2267 Belle
683 2205 858 2268 noctanter
881 2203 944 2269 luit
967 2203 1003 2268 in
1026 2204 1174 2288 predicta
1190 2205 1269 2271 villa
1292 2205 1332 2270 de
1350 2203 1592 2287 Scardebnrgh'
1609 2207 1642 2270 et
1658 2203 1757 2270 vellet
1772 2205 1871 2270 ivisse

570 2307 613 2372 ad
628 2328 747 2373 navem
764 2327 860 2372 suam
876 2307 964 2374 infra
979 2311 1114 2391 portum
1130 2309 1170 2374 de
1193 2309 1434 2391 scardeburgh·
1456 2308 1653 2374 existentem
1669 2308 1709 2373 de
1725 2329 1792 2392 qua
1807 2309 1871 2375 luit

510 2457 514 2468 .
570 2413 675 2476 nauta
698 2413 730 2476 et
754 2411 788 2476 in
812 2412 921 2478 eundo
944 2413 1033 2478 infra
1052 2416 1187 2496 portum
1203 2413 1389 2496 predictum
1406 2413 1446 2478 de
1461 2433 1546 2479 nave
1562 2411 1604 2477 ad
1620 2433 1739 2478 navem
1756 2433 1871 2478 versus

571 2537 690 2581 navem
712 2537 808 2582 suam
831 2517 1014 2600 predictam
1037 2538 1095 2600 per
1118 2517 1341 2583 infortunium
1364 2517 1482 2582 cecidit
1506 2517 1542 2581 in
1566 2537 1659 2581 mare
1684 2519 1717 2582 et
1742 2516 1788 2582 sio
1813 2538 1873 2600 per

571 2619 792 2684 infortunium
817 2620 939 2684 ibidem
963 2621 1155 2686 submersus
1178 2622 1243 2686 fnit
1265 2623 1358 2687 nullo
1381 2620 1423 2688 ad
1446 2622 1508 2687 hoc
1524 2623 1661 2704 cogente
1677 2641 1737 2686 nec
1753 2620 1871 2705 procu·

572 2727 680 2788 rante.
726 2724 859 2789 Primus
875 2724 1027 2790 inventor
1043 2725 1187 2808 corporis
1203 2725 1328 2792 mortui
1342 2726 1450 2792 Adam
1469 2726 1509 2792 dc
1524 2725 1693 2793 Wenlokc.

696 3141 908 3242 [DlVEltS
945 3140 1229 3220 ΟΟΠΝΤΙΕΞ.π
1280 3140 1508 3220 LONDON.
1563 3141 1757 3242 ESSEX.]

961 3511 1150 3579 Appellum
1166 3512 1189 3567 J
1189 3511 1334 3567 ohannis
1351 3513 1489 3579 Wyger.

641 3640 733 3706 Idem
749 3641 920 3707 lohannes
936 3643 1026 3708 venit
1042 3663 1153 3708 coram
1177 3641 1391 3708 ³coronatore
1414 3641 1520 3706 Lond'
1549 3643 1582 3706 et
1606 3639 1876 3706 vicecomitibue³

574 3748 607 3812 et
630 3746 782 3829 cognovit
808 3767 842 3812 se
867 3767 939 3812 esse
965 3747 1139 3824 latronem,
1165 3751 1227 3813 etc.
1258 3750 1291 3814 et
1316 3747 1461 3830 appellat
1486 3747 1667 3811 Ricardum
1698 3745 1874 3828 Chapman

575 3853 768 3915 manentem
792 3851 881 3935 apud
904 3850 1195 3917 Hornedeohirche
1217 3855 1250 3918 ct
1269 3853 1472 3919 Willelmum
1495 3851 1633 3934 Pygoun
1656 3853 1811 3914 taverner
1834 3849 1875 3913 de

576 3953 681 4018 Lond'
698 3954 738 4019 de
750 3955 894 4038 quadam
910 3955 1061 4021 roberia⁴
1078 3957 1166 4022 facta
1182 3956 1271 4041 apud
1284 3956 1477 4022 Blakenotle
1494 3976 1595 4039 prope
1612 3952 1875 4020 Chelmereslord

576 4080 674 4142 super
697 4079 873 4141 personam
897 4061 1030 4125 ecclesie
1053 4061 1201 4144 ejusdem
1225 4061 1301 4126 ville
1326 4059 1413 4126 circa
1438 4059 1560 4124 festum
1586 4057 1700 4124 Sancti
1724 4055 1876 4121 Nicholai

576 4183 664 4228 anno
680 4162 766 4245 regis
782 4161 939 4228 Edwardi
963 4173 1017 4228 xx⁰
1040 4167 1077 4230 ut
1099 4163 1139 4229 de
1163 4163 1318 4242 denariis,
1342 4164 1448 4248 ciphie
1471 4161 1602 4246 argenti
1625 4165 1658 4226 et
1681 4163 1721 4226 de
1744 4160 1877 4225 vuitro⁵

575 4270 609 4332 et
625 4265 699 4332 aliie
710 4265 873 4350 jocalibus
889 4271 922 4333 et
938 4267 1041 4352 equis,
1059 4271 1120 4334 etc.
1146 4269 1234 4334 unde
1250 4269 1359 4334 dictus
1375 4269 1537 4333 Rieardus
1553 4267 1671 4332 habuit
1688 4267 1729 4331 ad
1745 4268 1877 4349 partem

576 4391 673 4434 snam
698 4391 749 4434 xx.
767 4391 793 4434 s.
819 4373 852 4436 et
878 4371 985 4437 dietus
1006 4372 1191 4438 Willelmns
1214 4373 1256 4438 xl.
1274 4394 1302 4439 s.
1347 4373 1393 4438 Et
1416 4373 1496 4438 dicit
1519 4373 1606 4455 qnod
1629 4370 1768 4436 tradidit
1789 4368 1878 4434 dicto

611 4539 616 4567 ¹
636 4536 737 4586 Twelve
749 4553 847 4586 names.
1250 4541 1293 4591 his
1305 4541 1398 4592 crimes
1410 4540 1496 4591 before
1508 4539 1554 4590 the
1566 4553 1680 4596 coroner,
1693 4535 1814 4599 repeated
1831 4535 1878 4584 the

609 4603 694 4652 ²Roll
720 4605 776 4662 254,
805 4606 855 4653 five
883 4605 1046 4656 membraneo
1074 4607 1126 4656 and
1149 4611 1199 4657 two
1249 4607 1398 4657 confession
1418 4606 1470 4656 and
1491 4606 1596 4668 appeals
1615 4605 1702 4654 before
1725 4603 1769 4653 the
1791 4601 1879 4664 king’s

576 4669 955 4726 smallsliine‚19-21Edward
967 4674 988 4722 Ι,
1017 4673 1058 4721 All
1070 4673 1115 4722 the
1127 4689 1199 4723 casce
1249 4675 1364 4737 jueticee.

577 4751 620 4785 are
633 4735 740 4798 appeals
752 4737 779 4785 ol
790 4752 936 4798 approvers.
971 4741 1011 4787 On
1030 4739 1083 4788 this
1100 4740 1200 4802 subject
1284 4742 1319 4770 Η
1338 4740 1393 4789 MS.
1411 4740 1495 4788 coroa¹
1509 4736 1594 4786 Lortd'
1613 4736 1706 4786 etoic'.

577 4817 619 4850 see
637 4803 758 4858 Bracton,
768 4803 794 4850 ll.
814 4805 944 4861 152--1543
963 4805 1043 4860 Flete,
1060 4806 1087 4855 ff.
1100 4805 1139 4864 56,
1152 4809 1199 4864 57;
1284 4809 1293 4836 ⁴
1312 4807 1366 4854 MS.
1377 4804 1453 4854 robia
1464 4805 1525 4852 here
1537 4803 1589 4852 and
1606 4801 1737 4864 generally
1749 4797 1875 4860 through·

578 4867 693 4924 Neilson‚
708 4869 782 4917 Triol
795 4869 826 4932 by
835 4871 950 4927 Combot
963 4871 1004 4920 ch.
1018 4873 1057 4920 14.
1091 4872 1199 4920 Accord·
1252 4876 1297 4922 ont
1309 4873 1354 4920 the
1367 4871 1414 4920 roll
1426 4887 1432 4929 ;
1451 4871 1477 4918 in
1491 4887 1506 4918 a
1518 4871 1566 4918 lew
1578 4885 1651 4918 cases
1662 4868 1765 4917 roboria
1777 4881 1877 4915 occurs.

577 4933 623 4994 ing
635 4939 661 4982 to
674 4933 793 4992 ltracton,
806 4935 850 4984 the
862 4951 987 4998 approver
998 4937 1054 4986 who
1067 4939 1201 4988 conlcseed
1285 4942 1294 4968 ⁵
1313 4937 1377 4986 This
1390 4936 1457 4986 word
1470 4936 1554 4995 might
1568 4935 1597 4983 be
1610 4935 1670 4984 read
1682 4951 1711 4984 ae
1723 4947 1818 4982 tetriora.
