4372 5724
393 760 493 802 Stcbhln·

393 811 459 850 hetha

362 896 367 904 ,
380 863 501 910 acomitotu

264 947 266 950 .
392 913 488 960 prediolo

393 1097 525 1139 Indltumeu·

391 1149 508 1220 tumllstud

571 563 630 666 ttj
1038 581 1248 640 coronans
1273 585 1403 641 nonas.

633 752 811 838 Inquisicio
826 757 924 839 capta
939 752 1061 820 ibidem
1077 773 1188 820 coram
1203 755 1351 840 predicto
1366 758 1559 840 coronatore
1575 755 1626 822 dic
1643 755 1819 822 Dominica
1835 755 1870 822 in

565 859 680 944 vigilia
704 861 820 928 Sancti
846 861 1025 928 Laurenoii
1055 859 1206 926 Martiris
1231 883 1326 928 anno
1356 861 1450 945 regni
1480 861 1567 944 regis
1589 863 1746 929 Eduardi
1777 863 1871 928 tercii

568 955 757 1048 supradicto
773 988 872 1050 super
888 967 997 1033 visum
1013 965 1159 1050 corporis
1182 965 1356 1050 cujusdam
1373 965 1393 1032 J
1395 967 1538 1032 ohannis
1562 967 1676 1033 Clerke
1699 969 1870 1052 teglatoris

567 1088 625 1153 per
642 1074 911 1136 sacramentum¹
938 1119 945 1136 .
972 1119 980 1136 .
1006 1119 1013 1135 .
1039 1069 1103 1151 Qui
1119 1070 1234 1138 dicunt
1249 1073 1308 1155 p'sr
1325 1071 1573 1138 sacramentum
1591 1093 1689 1137 suum
1705 1075 1794 1157 quod
1817 1073 1870 1139 dia

430 1225 435 1239 .
566 1173 702 1240 Veneris
718 1179 808 1262 prox'
826 1176 1042 1242 antefactum
1060 1175 1174 1242 Sancti
1190 1173 1368 1242 Laursircii
1391 1175 1541 1266 Martiris
1564 1197 1654 1243 anno
1677 1177 1868 1260 supradicto

565 1279 700 1363 quidam
716 1280 823 1346 Adam
840 1281 922 1348 Caso
937 1302 1076 1346 manens
1092 1280 1127 1344 in
1143 1281 1293 1347 London'
1304 1282 1440 1348 venitin
1452 1281 1565 1348 villam
1576 1282 1615 1346 de
1629 1283 1868 1349 Stebbinhethe

564 1384 715 1451 videlicet
730 1385 765 1449 in
781 1375 899 1470 campo
915 1387 1057 1470 quodam
1081 1386 1194 1451 subter
1217 1385 1341 1452 dictam
1356 1387 1470 1452 villam
1494 1389 1526 1452 et
1550 1386 1671 1452 ibidem
1694 1386 1868 1454 insultavit

563 1489 712 1571 predicto
742 1489 889 1556 Johanni
921 1491 1035 1558 Clerke
1062 1491 1244 1574 teglatore³
1268 1512 1327 1575 per
1356 1491 1456 1557 verba
1483 1491 1657 1557 maliciosa
1687 1494 1721 1556 et
1751 1492 1867 1557 statim

564 1593 705 1659 extraxit
725 1596 908 1682 'quendam
932 1595 1117 1660 ‘cultellum
1148 1593 1378 1678 longitudinis
1395 1595 1462 1679 xiij.
1494 1595 1663 1680 pollicium
1693 1599 1726 1660 et
1756 1594 1868 1680 ipsum
1937 1613 1941 1621 ’

563 1696 752 1764 iohannem
779 1699 808 1764 le
836 1695 951 1766 Olerlrs
976 1699 1113 1766 felonics
1139 1700 1302 1784 percussit
1329 1721 1405 1765 cum
1436 1699 1524 1766 dicto
1549 1699 1681 1765 cultello
1712 1700 1883 1770 donando,¹
1964 1783 1968 1791 Ι

542 1825 545 1832 ·
563 1823 662 1886 grave
678 1805 784 1869 winus
800 1803 835 1868 ih
852 1805 986 1889 scapulo
1002 1805 1139 1886 sinistro
1154 1804 1372 1888 longitudinis
1391 1804 1418 1888 j.
1435 1804 1563 1898 pollicis
1579 1807 1612 1870 et
1628 1804 1866 1888 profunditatis

522 1967 526 1976 .
563 1905 815 1990 xiij..pollioium
831 1929 890 1992 per
906 1909 992 1992 quod
1009 1909 1114 1974 ulnus
1131 1909 1246 1974 statim
1265 1909 1353 1993 cepit
1375 1912 1529 1974 mortem.
1575 1908 1740 1993 Requisiti
1763 1909 1867 1994 siper

562 2009 713 2076 abettum
744 2015 802 2078 aut
832 2017 1127 2096 procuramentum
1158 2012 1298 2096 alicujus
1329 2013 1391 2079 hoc
1422 2014 1499 2079 fecit
1530 2013 1645 2078 dicunt
1672 2014 1760 2097 quod
1785 2035 1864 2080 non.

560 2113 724 2199 Requisiti
748 2115 851 2181 sciam
876 2117 933 2182 uhi
956 2105 1164 2202 devenit'ille
1188 2115 1251 2182 felo
1274 2117 1389 2183 dicunt
1412 2117 1498 2201 quod
1522 2123 1640 2201 captus
1664 2117 1726 2183 fuit
1749 2117 1863 2184 incon·
1962 2123 1989 2133 '‘

560 2221 682 2286 tinenti
698 2224 731 2286 et
747 2221 866 2289 ductus
882 2223 924 2288 ad
941 2223 1094 2307 gayolam
1110 2222 1151 2288 ds
1167 2221 1351 2307 Nswcgato.
1397 2222 1560 2306 Requisiti
1583 2217 1688 2288 eciam
1711 2221 1863 2289 debonis
1983 2274 1988 2281 .

513 2363 519 2374 ·
560 2327 593 2390 ct
609 2325 738 2392 catallis
761 2326 830 2392 suis
853 2327 932 2411 quid
948 2327 1060 2393 valent
1075 2329 1108 2392 st
1131 2327 1166 2392 in
1190 2347 1331 2410 quorum
1354 2327 1510 2393 manibus
1534 2329 1612 2393 sunt
1637 2326 1752 2393 dicunt
1777 2327 1864 2411 quod

559 2429 664 2494 nichil
677 2431 794 2498 habuit
810 2431 1008 2498 indominio
1024 2431 1089 2517 isto
1112 2435 1162 2498 set
1184 2431 1273 2498 iufra
1290 2431 1467 2498 civitatem
1492 2431 1654 2498 London’.
1701 2431 1864 2517 Requisiti

470 2605 475 2615 ⁵
559 2533 664 2600 sciam
695 2534 768 2619 quis
799 2536 907 2620 primo
937 2535 1063 2602 dictum
1094 2539 1265 2602 mortuum
1295 2534 1423 2601 invenit
1454 2535 1570 2601 dicunt
1590 2535 1687 2623 'quod
1718 2536 1863 2602 Thomas
1896 2625 1899 2631 Ι

558 2638 674 2704 Olerke
690 2639 732 2704 de
745 2639 983 2736 Alegatestrets
998 2640 1109 2724 ipsu'm
1124 2639 1232 2724 primo
1247 2639 1375 2707 invenit
1391 2641 1424 2706 et
1439 2638 1560 2706 levavit
1575 2639 1781 2712 huthesium.
1815 2639 1862 2706 Et
1881 2651 1884 2656 '

558 2741 634 2825 iiij0‘
663 2743 815 2810 homines
846 2747 879 2810 et
909 2745 1069 2829 prepositi
1099 2743 1175 2828 iiijor
1198 2745 1390 2811 villatarum
1417 2742 1693 2829 propinquiarum
1711 2744 1862 2812 videlicet

557 2847 790 2932 Brambilleye‚
802 2849 1072 2927 Estsmethefeld,
1088 2849 1287 2935 Hacksneye
1297 2853 1330 2915 et
1343 2849 1534 2934 Shordychs
1549 2850 1613 2914 hoc
1627 2849 1715 2915 idem
1731 2849 1858 2914 dicunt.

558 2951 605 3018 Et
621 2951 729 3018 dictu's
745 2953 889 3019 Thomas
906 2952 1021 3019 Olerke
1035 2953 1188 3048 inventor
1204 2956 1427 3036 manucaptus
1443 2957 1493 3019 est
1509 2975 1568 3038 per
1585 2954 1775 3019 lohannem
1791 2956 1862 3020 atto

525 3155 528 3162 Ι
560 3056 670 3122 Grens
685 3057 874 3123 carnificem
890 3057 1040 3123 London’
1057 3060 1090 3122 et
1106 3057 1292 3123 Hemicum
1308 3058 1436 3148 Balrere
1452 3059 1492 3124 ds
1509 3059 1803 3144 Halywellestrete.

443 3299 516 3363 aas
553 3270 556 3278 '
626 3261 829 3347 ⁴Inquisicic
844 3265 942 3347 capta
956 3262 1078 3328 ibidem
1094 3283 1205 3329 coram
1221 3262 1368 3347 predicto
1392 3267 1586 3338 coronatore
1610 3261 1662 3346 die
1686 3261 1861 3329 Dominica

311 3403 317 3416 ·
417 3353 492 3454 'dolf
512 3353 526 3382 ¹¹
559 3367 650 3451 prox'
668 3371 743 3451 post
758 3368 881 3433 festum
905 3367 1098 3433 Natiuitatis
1121 3369 1225 3434 Beate
1248 3368 1354 3433 Maris
1376 3367 1523 3450 Virginis
1546 3388 1635 3433 anno
1657 3356 1751 3450 regni
1773 3366 1859 3450 regis
1921 3463 1923 3466 Ι
1971 3397 1978 3408 ·
2053 3461 2056 3468 1

438 3455 457 3484 ¹⁰
520 3555 525 3566 ι
559 3471 716 3537 Edwardi
733 3471 824 3536 tercii
841 3471 1031 3555 supradicto
1047 3493 1146 3556 super
1158 3471 1267 3538 visum
1284 3471 1430 3556 corporis
1445 3471 1601 3538 Willelmi
1617 3469 1697 3535 Brid
1711 3469 1859 3536 defuncti

558 3576 629 3642 loco
647 3575 794 3659 predicto
809 3597 867 3660 per
888 3579 1135 3642 sacramentum
1160 3625 1168 3641 .
1196 3599 1206 3642 .’
1228 3579 1250 3640 .⁸
1286 3576 1350 3658 Qui
1366 3577 1481 3641 dicunt
1498 3595 1596 3659 super
1612 3577 1859 3640 sacramentum

397 3731 433 3770 „i
482 3743 517 3772 m,
559 3701 657 3746 suum
673 3681 760 3765 quod
776 3680 828 3747 dis
843 3681 1019 3748 Dominica
1041 3685 1131 3784 prox'
1148 3685 1223 3765 post
1240 3683 1361 3747 festum
1374 3680 1607 3764 Asumpcionis
1627 3681 1730 3757 Beate
1753 3680 1859 3746 Maris

394 3793 431 3871 Ψ
471 3784 533 3826 “··’
557 3786 713 3870 Virginis.
723 3807 811 3852 anno
835 3786 1025 3871 supradicto
1048 3787 1184 3870 quidam
1208 3786 1373 3878 Robertus
1395 3786 1530 3853 Ghaude
1550 3787 1718 3869 prefatum
1735 3785 1881 3852 willel.

557 3911 651 3958 mum
661 3891 741 3958 Brid
752 3891 913 3976 percussit
923 3913 1000 3974 cum
1010 3913 1077 3957 uno
1087 3892 1203 3958 baculo
1213 3891 1248 3956 in
1259 3892 1366 3976 capite
1378 3895 1410 3957 et
1421 3891 1558 3956 felonice
1567 3890 1678 3975 ipsum
1689 3891 1859 3956 wlnsravit
1910 3947 1931 3969 .,
1960 3961 1964 3967 ,
2083 3953 2088 3964 ,

468 4035 471 4041 -
556 3997 650 4080 gravi
665 3997 763 4082 plaga
778 4017 835 4082 per
851 4017 952 4079 quam
967 3995 1100 4080 plagam
1110 3995 1196 4080 cepit
1211 4001 1364 4098 mortem
1407 3996 1453 4060 Et
1469 3994 1688 4084 dicuntquod
1703 3995 1858 4061 nesciunt

488 4098 493 4162 J
556 4101 720 4182 quantum
743 4096 980 4181 profunditatis
1003 4095 1066 4161 fuit
1082 4097 1186 4161 ulnus
1210 4117 1270 4161 nec
1292 4095 1521 4180 longitudinis.
1543 4093 1729 4178 ‘Requisiti
1752 4095 1856 4161 eciam
1941 4141 1945 4146 -

556 4203 613 4268 uhi
636 4203 767 4270 devenit
790 4201 845 4268 ille
867 4201 931 4268 folo
954 4195 1030 4286 post
1055 4201 1136 4266 illud
1162 4202 1288 4267 factum
1313 4201 1429 4266 dicunt
1452 4201 1539 4284 quod
1563 4199 1690 4282 defugit
1720 4203 1770 4266 set
1799 4201 1858 4266 ubi

424 4331 427 4336 ·
554 4307 718 4390 nesciunt.
763 4306 927 4391 Requisiti
951 4305 1090 4372 ulterius
1115 4305 1172 4372 ubi
1196 4306 1289 4376 etin
1306 4327 1447 4390 quorum
1471 4305 1627 4370 manibus
1652 4305 1857 4372 devenerunt

554 4414 641 4479 bona
664 4415 697 4478 et
720 4413 840 4477 catalla
864 4410 969 4495 ipsius
995 4410 1112 4476 felonis
1137 4391 1253 4476 dicunt
1278 4410 1364 4493 quod
1389 4410 1492 4475 nichil
1514 4409 1615 4474 hahet
1640 4409 1674 4474 in
1696 4409 1857 4475 comitatu

553 4515 711 4600 predicto.
757 4516 804 4582 Et
820 4515 935 4582 dicunt
951 4515 1038 4598 quod
1055 4514 1247 4601 Christiana
1263 4514 1344 4580 Brid
1369 4523 1450 4580 uxo'r
1471 4513 1560 4578 illius
1577 4511 1725 4579 defuncti
1748 4503 1856 4596 primo

553 4621 664 4704 ipsum
680 4619 808 4685 invenit
823 4623 1005 4724 mortuum.
1052 4620 1098 4684 Et
1108 4619 1346 4703 iiijehomines
1356 4622 1394 4684 ‘et
1411 4619 1569 4703 prepositi
1579 4617 1855 4702 iiij⁰fvillatarum

587 4767 593 4797 ¹
613 4765 715 4816 Twelve
728 4751 828 4816 names.
1261 4769 1271 4797 ⁵
1289 4765 1401 4819 Lorsdon
1412 4765 1440 4814 ln
1453 4763 1518 4823 ru11;
1537 4763 1582 4815 tha
1594 4767 1644 4816 two
1653 4763 1716 4814 final
1725 4763 1760 4814 i's
1769 4763 1796 4814 in
1808 4763 1854 4815 the

565 4834 595 4948 11²
612 4831 1177 4950 laar‘tl‘lathllamatt
1228 4830 1547 4948 ⁰³t⁰tllttftft“³·

553 4905 564 4951 t
586 4916 599 4996 l
612 4915 678 5016 Idhis
690 4913 750 5015 ossii
761 4964 784 5014 is
790 4915 829 5014 im
843 4964 887 5014 the
902 4963 977 5050 dorso
989 4965 1015 5014 of
1022 4934 1076 5014 'the
1088 4963 1145 5014 roll.
1170 4935 1176 4949 ι
1263 4967 1272 4993 ⁷
1289 4967 1325 5014 As
1337 4964 1365 5014 in
1377 4963 1422 5014 the
1433 4933 1571 5025 preceding
1583 4966 1633 5014 two
1645 4977 1726 5013 cusas.
