4302 5734
541 549 612 616 120
1013 563 1221 618 (fouousus’
1246 564 1375 618 nouis.

540 735 686 818 corporis
703 735 852 800 Nicholui
869 735 983 800 Baillif
997 735 1134 800 {elonicc
1150 734 1316 800 interfecti
1335 755 1394 818 per
1418 733 1473 817 xij.
1486 734 1675 817 juratores¹
1702 738 1844 818 quatuor

539 839 773 921 parochiarum
797 839 947 905 videlicet
973 889 981 904 .
1006 887 1014 904 .
1040 841 1070 902 .²
1094 840 1235 922 juratos.
1282 839 1482 904 Pres'entant
1503 837 1590 922 quod
1615 888 1623 904 .
1649 888 1657 903 .
1683 887 1691 904 .
1716 839 1845 905 Catella

540 945 612 1026 ejus
628 945 730 1010 nulla.
775 945 874 1010 Visus
890 965 948 1028 per
964 945 1145 1009 Ricardum
1162 945 1202 1010 de
1217 943 1398 1028 Raysebek'
1417 948 1656 1009 coronatorem.

606 1461 786 1548 Inquisieio
811 1467 909 1547 capta
932 1485 1042 1530 coram
1067 1464 1215 1530 Gerardo
1242 1465 1281 1530 de
1309 1465 1491 1549 Brunnehy
1516 1487 1583 1530 uno
1608 1469 1842 1534 coronatorum

539 1569 683 1634 civitatis
700 1569 800 1632 Ehor'
818 1570 905 1652 apud
923 1569 1176 1652 Clementhorpe
1192 1568 1226 1633 in
1251 1570 1409 1635 suburbio
1432 1570 1533 1634 Ebor'
1558 1570 1611 1635 dia
1634 1571 1730 1637 Luna
1752 1573 1842 1656 prox'

539 1679 614 1756 post
631 1675 751 1738 festum
768 1672 1005 1738 Decollaeionis
1023 1673 1137 1739 Sancti
1161 1673 1325 1738 iohannis
1348 1674 1500 1757 Baptista
1526 1695 1614 1739 anno
1637 1675 1732 1757 regni
1755 1676 1841 1759 regIs

379 1810 391 1837 n
403 1799 514 1838 terream
540 1777 672 1843 Ricardi
689 1777 824 1842 secundi
840 1781 914 1860 post
930 1781 1147 1861 conquestum
1164 1777 1271 1860 primo
1287 1798 1385 1862 super
1401 1779 1474 1843 visu
1491 1780 1636 1861 corporis
1651 1780 1785 1845 Ricardi
1801 1781 1841 1846 de
1868 1857 1872 1866 Ι

540 1883 710 1948 Blencoue
720 1903 777 1965 per
788 1883 843 1966 xij.
852 1882 918 1964 jur’
932 1885 1074 1966 quatuor
1084 1881 1317 1965 parochiarum
1328 1883 1478 1948 videlicet
1489 1883 1682 1967 Philippum
1693 1884 1839 1964 Fissher,

540 1987 560 2052 J
562 1988 728 2052 ohannem
750 1987 839 2064 Otcr,
861 1987 1043 2052 Rcbertum
1056 1987 1096 2052 de
1116 1987 1384 2070 Wyntryngham
1401 1987 1441 2053 de
1463 1987 1621 2072 parochia
1639 1989 1753 2054 Sancti
1770 1990 1840 2056 cle-

539 2092 671 2169 mentis,
679 2093 699 2156 J
701 2091 868 2156 ohannem
881 2091 921 2155 de
933 2091 1129 2174 Tanherlay,
1138 2091 1318 2155 Ricardum
1329 2093 1492 2170 Kernour,
1504 2093 1681 2173 Hugonem
1693 2093 1839 2170 Fischer,

539 2198 728 2263 Johannem
744 2197 783 2261 dc
800 2195 1018 2261 Pountefreut
1036 2195 1075 2260 de
1095 2195 1252 2277 parochia
1278 2196 1398 2262 Sancte
1421 2196 1527 2261 Mario
1549 2197 1689 2275 Veteris,
1714 2197 1839 2263 Johan-

538 2323 615 2367 nem
640 2301 800 2379 Talbch’,³
816 2301 1005 2366 Johannem
1028 2302 1196 2378 Watsone,
1214 2299 1403 2364 Johannem
1419 2301 1595 2365 Bateman'
1620 2300 1660 2365 de
1682 2302 1840 2384 parochia

540 2407 662 2473 Sancte
693 2405 877 2483 Trinitatis,
906 2404 1068 2469 Thomam
1099 2404 1193 2488 Elys‚
1224 2403 1428 2470 Willelmum
1452 2404 1583 2487 Wallay
1611 2403 1651 2469 de
1681 2405 1841 2488 parochia

541 2509 655 2578 Sancti
667 2509 817 2591 Gregorii
829 2508 970 2592 juratos.
1008 2508 1134 2574 Dicunt
1150 2529 1248 2590 super
1265 2512 1511 2574 sacramentum
1526 2529 1625 2573 suum
1638 2509 1736 2592 quod.
1761 2557 1770 2573 .
1796 2557 1804 2572 .
1831 2557 1839 2574 .

539 2613 589 2678 Da
613 2635 676 2696 quo
700 2614 831 2696 quidem
862 2633 942 2678 casu
972 2612 1138 2695 predictus
1168 2612 1330 2679 Ricardus
1361 2614 1477 2679 statim
1507 2614 1589 2679 obiit
1620 2614 1839 2679 inconfessus.

539 2718 637 2784 Visus
653 2739 710 2801 per
725 2717 910 2801 predictum
927 2720 1165 2782 coronatorem.
1209 2719 1210 2722 ’

1008 3140 1379 3244 [recasuram]

558 3358 738 3416 ROTULUS
763 3359 911 3416 ROGERI
936 3361 1086 3416 DAUTRI
1111 3361 1377 3417 coRONAroars
1402 3361 1634 3419 LIBERrArrs
1658 3363 1822 3419 ABBATIS

976 3450 1105 3502 ΒΕΑΤΕ
1130 3448 1256 3503 MARIE
1281 3451 1404 3504 EBOR'.

607 3591 787 3677 inquisicio
803 3597 898 3678 capta
914 3593 1002 3678 apud
1019 3593 1223 3660 Hornesbeh'
1238 3615 1349 3660 coram
1365 3593 1491 3678 Rogare
1504 3594 1635 3680 Dautry
1647 3599 1736 3662 uno5
1751 3618 1840 3662 corc-

541 3701 697 3765 natorum
722 3697 848 3764 domini
870 3697 956 3782 regis
980 3699 1015 3763 in
1031 3697 1253 3766 Holdernesse
1270 3697 1322 3764 die
1338 3697 1475 3765 Veneris
1499 3701 1590 3783 prox’
1617 3705 1695 3766 ante
1719 3703 1841 3767 festum

542 3801 670 3869 Natalis
701 3803 837 3870 Domini
867 3825 955 3869 anno
985 3800 1079 3886 regni
1106 3805 1192 3888 regis
1217 3801 1375 3870 Edwardi
1405 3801 1499 3869 tercii
1524 3807 1598 3887 post
1622 3809 1841 3889 conquestum

393 3934 444 4023 τε
466 3945 490 3974 x.
540 3909 656 3991 Anglie
672 3907 923 3991 quadragesimo
938 3908 1039 3973 tercio
1055 3929 1156 3991 super¹
1168 3907 1241 3974 visu
1253 3908 1399 3992 corporis
1411 3905 1546 3973 Rcberti
1558 3909 1691 3974 Hunter
1704 3909 1841 3974 felonicc

540 4008 706 4077 interfecti
721 4034 779 4095 per
795 4009 927 4078 Hornse
942 4033 1004 4097 que
1021 4013 1197 4094 respondet
1212 4033 1272 4095 pro
1289 4017 1431 4096 quatuor
1448 4013 1570 4077 villatis
1594 4033 1661 4076 una
1684 4034 1760 4077 cum
1784 4011 1841 4096 xij.

374 4087 467 4224 iinio'
489 4145 516 4185 n
540 4113 731 4181 hominibus
759 4114 910 4181 videlieet
935 4165 942 4180 .
969 4165 976 4180 .
1003 4116 1025 4181 .⁷
1044 4115 1179 4200 juratis.
1247 4113 1444 4183 Presentant
1470 4135 1568 4200 super
1592 4121 1841 4183 sacramentum

377 4238 458 4274 'ura-u
540 4242 639 4284 suum
656 4221 742 4303 quod
758 4220 941 4286 Willelmus
957 4221 1097 4286 Baxters
1119 4219 1255 4285 felonice
1278 4220 1444 4284 interfecit
1467 4223 1633 4304 prefatum
1657 4221 1840 4286 Rcbertunr

427 4345 463 4386 ·r.
489 4375 493 4386 .
541 4325 673 4388 Hunter
690 4325 729 4389 de
746 4325 877 4389 Hornse
893 4344 968 4387 cum
986 4345 1051 4387 uno
1067 4323 1184 4388 haculo
1200 4323 1300 4406 precii
1316 4323 1350 4407 ij.
1368 4323 1400 4387 d.
1418 4324 1505 4388 unde
1524 4325 1640 4390 villata
1656 4324 1695 4390 de
1708 4327 1841 4390 Hornse

540 4427 760 4510 respondebit,
777 4431 809 4493 st
831 4427 946 4494 statim
968 4431 1042 4510 post
1066 4427 1221 4492 feloniam
1245 4427 1428 4510 predictam
1454 4429 1500 4492 sic
1525 4429 1647 4493 factam
1672 4429 1841 4512 predictus

540 4530 722 4598 Willclmus
738 4531 878 4598 Baitero
895 4553 929 4598 se
948 4531 1090 4598 reddidit
1114 4530 1247 4615 prisone
1270 4529 1399 4596 abbatis
1423 4530 1585 4597 libertatis
1608 4533 1711 4600 Beate
1735 4534 1841 4598 Maria

575 4673 580 4700 ¹
601 4671 730 4733 MS.jar’.
1216 4669 1286 4720 John
1299 4669 1432 4719 Duudson.
1697 4675 1707 4702 ¹
1726 4673 1778 4724 Sic.

576 4739 585 4766 ²
602 4737 685 4785 Three
698 4751 789 4786 names
801 4737 867 4786 from
878 4737 942 4787 each
954 4738 981 4786 ot
994 4736 1038 4786 the
1046 4735 1165 4798 parishes
1251 4739 1258 4766 ⁴
1271 4735 1780 4797 Rcil223,onemembraneffl-ddEdw.
1792 4739 1841 4788 111.

541 4803 568 4851 oi
582 4803 618 4852 St.
629 4803 749 4860 hlichsel,
763 4805 800 4852 St.
814 4804 1050 4866 MaryGastlegnte‚
1063 4802 1113 4851 and
1128 4805 1163 4852 St.
1250 4805 1259 4832 ⁵
1277 4801 1331 4850 Ms.
1348 4804 1439 4852 aurius.

541 4869 610 4917 John
624 4877 651 4918 at
664 4869 830 4932 Ousebridge,
843 4870 959 4930 together
972 4869 1034 4918 with
1047 4868 1164 4918 Willium
1249 4871 1259 4896 ⁸
1276 4869 1388 4931 Overfll’
1397 4870 1420 4918 is
1429 4869 1473 4918 the
1482 4869 1614 4928 wordutt',
1624 4870 1841 4922 innotueramus.

541 4937 568 4982 ot
597 4935 782 4996 Ereringham‚
811 4936 884 4985 Elias
914 4936 1084 4992 Corduainer,
1114 4934 1164 4984 and
1249 4935 1485 4984 'Tuelrenamen
