4364 5736
595 555 641 624 96
1061 569 1269 626 cononnns
1294 571 1424 626 noers.
1506 561 1508 566 ’

417 752 550 843 effinse
591 740 710 806 habuit
733 743 839 808 terres
862 741 896 806 et
918 743 1110 806 tenemento
1133 743 1183 806 set
1205 741 1324 807 hebuit
1347 740 1435 807 bono
1458 743 1491 807 et
1514 743 1635 808 retello
1651 742 1693 808 od
1710 742 1894 810 valenciem

417 855 504 894 merce-¹
593 845 672 910 dim.
690 866 801 910 marce
817 845 902 910 unde
917 843 1032 910 villata
1048 845 1087 909 de
1104 845 1202 910 Hoile
1217 845 1440 928 respondebit.

418 1090 539 1140 synceram
660 1061 860 1145 ²Inquisicio
882 1059 1005 1126 ibidem
1028 1063 1126 1145 cepta
1149 1071 1224 1126 xxv⁰
1246 1061 1299 1126 die
1322 1062 1343 1127 J
1346 1061 1404 1127 ulii
1431 1083 1520 1128 enno
1546 1062 1639 1147 regni
1659 1063 1746 1147 regis
1761 1063 1896 1129 Ricardi

594 1167 731 1232 secundi
745 1168 820 1249 post
835 1169 1053 1248 conquestum
1069 1165 1163 1248 xiiij20
1178 1187 1289 1231 coram
1313 1166 1467 1231 Johsnne
1488 1167 1679 1233 Corsowelle
1703 1172 1895 1234 coronatore

594 1271 721 1337 domini
751 1270 839 1354 regis
869 1270 905 1334 in
929 1270 1089 1336 comitatu
1114 1271 1217 1337 Oxon'
1242 1271 1411 1354 assignato
1435 1271 1475 1336 de
1498 1275 1605 1337 morte
1628 1272 1785 1340 Willelmi
1805 1273 1895 1357 Broy

418 1393 570 1434 1n10rtun1um
594 1376 768 1441 servientis
784 1374 940 1442 Willelmi
956 1373 1075 1441 laches
1099 1375 1140 1440 de
1163 1376 1369 1460 Eyneshsm,
1386 1375 1443 1458 qui
1458 1375 1547 1440 dicto
1563 1376 1615 1442 dio
1631 1376 1722 1442 visus
1746 1376 1820 1455 fuit,
1837 1398 1895 1460 per

594 1483 842 1547 sacramentum
867 1527 876 1545 .
902 1527 910 1544 .
936 1480 959 1544 .³
981 1500 1039 1562 per
1061 1482 1126 1546 ssc’
1143 1479 1278 1546 Ricardi
1293 1480 1436 1546 Caiwille
1459 1479 1678 1569 dec[ennorii]
1702 1483 1742 1548 de
1765 1482 1896 1567 Eynes-

594 1584 685 1662 hem,
710 1583 875 1649 Johennis
898 1583 1058 1648 Londone
1081 1582 1149 1648 dec’
1167 1583 1207 1648 de
1224 1583 1463 1668 Cersyngtone,
1479 1584 1645 1650 Johsnnis
1670 1585 1754 1669 Sexy
1770 1585 1838 1650 dec'
1856 1584 1896 1650 de

595 1690 738 1757 cunone
753 1692 786 1754 et
802 1689 822 1754 J
824 1688 966 1754 ohannis
982 1687 1130 1773 Henkyn
1146 1689 1214 1756 dec'
1232 1690 1272 1755 de
1290 1690 1476 1758 Stountone
1492 1710 1569 1755 cum
1592 1711 1707 1756 eorum
1730 1689 1895 1755 decennis.

594 1792 659 1874 Qui
675 1792 789 1859 dicunt
813 1841 821 1856 .
846 1840 854 1856 .
879 1840 887 1856 .
912 1840 920 1856 .
943 1793 991 1858 Et
1006 1793 1279 1876 appreciaverunt
1290 1793 1417 1858 dietum
1429 1814 1551 1878 equum
1564 1794 1606 1860 ed
1621 1817 1651 1860 v.
1664 1815 1691 1860 s.
1708 1794 1751 1878 vj.
1762 1794 1793 1859 d.
1807 1795 1896 1860 unde

594 1898 710 1963 villeta
733 1897 774 1962 de
796 1897 991 1980 Eyneshem
1014 1897 1237 1980 respondebit.
1282 1899 1332 1963 De
1355 1897 1527 1964 inventore
1550 1899 1654 1964 nichil
1677 1899 1756 1983 quia
1777 1899 1896 1964 habuit

590 2001 670 2084 jura
692 2001 922 2066 eeclesiastico.
984 2001 1038 2086 xij.
1062 2001 1157 2068 liberi
1176 2002 1243 2087 jur’
1267 2023 1344 2070 oum
1366 2001 1442 2088 iiije
1463 2002 1586 2070 villolis
1609 2003 1811 2071 concordant
1833 2004 1896 2069 hoc

595 2105 683 2172 idem
700 2105 735 2171 in
751 2105 932 2172 omnibus.⁴

1043 2668 1437 2770 [sonorseinne]

423 2913 510 2956 nem
664 2887 845 2973 inquisicio
860 2891 957 2973 capte
973 2907 1085 2954 eorem
1107 2887 1271 2955 Willelmo
1296 2889 1533 2973 Skyrmestone
1556 2894 1748 2956 coronatore
1771 2891 1897 2957 domini

598 2993 685 3077 regis
701 2994 736 3057 in
753 2993 913 3059 comitatu
930 2993 1040 3076 Salop’
1057 2994 1145 3077 opud
1161 2995 1357 3077 Welyntone
1373 2994 1426 3059 die
1441 2993 1560 3060 Mortis
1576 2997 1666 3078 prox'
1684 2999 1759 3079 post
1774 2997 1896 3062 festum

600 3100 715 3166 Sancti
731 3099 878 3164 Andrei⁶
893 3099 1043 3184 Apostoli
1059 3120 1148 3164 anno
1163 3099 1257 3182 regni
1273 3100 1360 3180 regis
1375 3099 1513 3165 Henrici
1537 3101 1646 3184 qnorti
1669 3101 1776 3184 primo
1799 3123 1897 3186 super

596 3205 708 3268 'visum
724 3203 869 3287 corporis
886 3203 1050 3270 Johsnnis
1066 3205 1212 3270 Prechur
1236 3205 1276 3268 (le
1291 3204 1487 3288 Welyntone
1509 3227 1567 3290 per
1584 3205 1630 3289 iij.
1647 3205 1741 3272 villos
1764 3206 1897 3290 propin-

600 3307 730 3391 quiores
746 3307 895 3374 videlicet
910 3307 1115 3392 Welyntone,
1132 3309 1211 3374 Liee
1227 3311 1259 3374 et
1275 3309 1402 3374 Dothul
1425 3329 1483 3393 per
1506 3309 1709 3375 veredictum
1731 3310 1786 3394 xij.
1805 3311 1897 3396 jure·

600 3415 711 3477 torum
741 3410 924 3478 videlicet.
949 3460 957 3476 .
982 3411 1014 3476 .⁷
1059 3412 1123 3494 Qui
1146 3413 1262 3479 dicunt
1289 3435 1388 3498 super
1413 3417 1661 3480 sacramentum
1688 3435 1787 3480 suum
1811 3415 1899 3498 quod

601 3515 772 3582 Johsnnes
787 3517 867 3582 Bret
883 3517 923 3583 de
938 3517 1136 3602 Welyntone
1151 3519 1289 3584 felonioe
1312 3517 1477 3584 interfecit
1494 3519 1683 3584 Johannem
1699 3517 1847 3584 Prechur
1864 3540 1898 3584 se

601 3620 817 3686 deffendendo
829 3642 905 3686 cum
918 3643 986 3688 uno
1002 3623 1169 3704 dsggsrdo
1181 3622 1282 3706 precii
1294 3623 1337 3706 vj.
1352 3622 1383 3686 d.
1401 3622 1453 3687 die
1470 3623 1565 3687 Lnno
1581 3625 1671 3706 prox'
1686 3625 1760 3706 post
1777 3623 1898 3688 festum

603 3726 717 3793 Sancti
732 3725 856 3792 Andrei
871 3728 1019 3812 Apostoli
1034 3749 1123 3793 anno
1139 3727 1328 3810 supradicto
1345 3727 1433 3809 apud
1448 3728 1644 3810 Welyntone
1659 3731 1692 3792 et
1708 3728 1795 3810 quod
1810 3727 1898 3792 idem

600 3830 621 3898 J
622 3831 770 3898 ohannes
782 3833 921 3898 retraxit
934 3855 969 3898 se
980 3837 1055 3916 post
1068 3832 1226 3898 feloniem
1236 3833 1370 3908 factem,
1384 3835 1417 3897 et
1428 3833 1516 3897 volet
1528 3832 1563 3896 in
1575 3832 1670 3896 bonis
1681 3853 1732 3896 xx.
1745 3852 1771 3896 s.
1788 3832 1855 3917 viij.
1867 3833 1898 3896 d.

600 3957 663 4021 qus
678 3936 766 4002 bono
781 3937 921 4003 liberato
935 3939 1071 4003 fuorunt
1087 3937 1154 4002 vill'
1171 3936 1328 4020 predictis
1344 3936 1386 4001 sd
1401 3935 1679 4020 respondendum,
1695 3937 1771 4001 eto.⁹

666 4229 847 4314 Inquisicio
862 4233 959 4314 cepto
974 4249 1085 4295 coram
1104 4229 1269 4298 Willelmo
1295 4231 1531 4317 Skyrmestone
1556 4235 1748 4298 coronatore
1773 4229 1900 4296 domini

600 4337 687 4420 regis
702 4337 738 4400 in
753 4337 914 4401 comitatu
931 4337 1039 4420 Salop'
1057 4336 1146 4420 opud
1162 4338 1312 4402 Mersehe
1328 4359 1426 4421 super
1443 4337 1551 4404 visum
1567 4337 1712 4421 corporis
1737 4336 1900 4402 Johsnnis

635 4472 665 4502 ¹·¹
685 4467 861 4520 Orossedout.
1312 4469 1545 4519 ’Twelvcncmes
1613 4471 1648 4498 Μ
1665 4467 1839 4518 Orosserlont.

634 4536 726 4585 ²'l'his
744 4535 849 4597 inqucst
866 4534 890 4584 is
910 4550 944 4585 on
962 4549 978 4585 s
997 4533 1069 4597 pisce
1085 4535 1113 4586 ol
1133 4533 1225 4598 pereh-
1311 4537 1321 4564 ⁹
1338 4536 1379 4585 On
1391 4551 1468 4584 mem.
1481 4538 1496 4584 2
1508 4535 1582 4585 there
1599 4550 1642 4584 ore
1659 4535 1732 4584 three
1743 4534 1861 4596 inquests
1873 4533 1900 4582 in

601 4605 674 4653 ment
686 4617 754 4650 sewn
766 4605 793 4650 to
805 4601 851 4650 the
863 4601 920 4650 roll.
1277 4601 1331 4651 this
1349 4617 1421 4651 ssme
1441 4601 1516 4659 torm.
1535 4603 1577 4651 to.
1595 4601 1628 4664 by
1645 4601 1718 4650 three
1735 4601 1794 4650 vills
1812 4601 1844 4662 by
1856 4600 1901 4650 the

635 4667 764 4716 'Twelve
776 4681 876 4716 names.
1277 4667 1339 4716 ooth
1359 4668 1386 4717 ol
1405 4667 1495 4716 lwelvc
1515 4668 1617 4730 jurors;
1641 4667 1696 4716 also
1714 4671 1764 4715 two
1784 4667 1901 4728 inquests

637 4735 646 4764 ⁴
663 4733 746 4782 There
767 4749 810 4782 sre
831 4739 881 4783 two
901 4747 972 4782 more
995 4731 1113 4794 inquests
1130 4747 1164 4782 on
1182 4731 1226 4782 tho
1278 4740 1340 4795 ‘per
1359 4737 1411 4783 tres
1430 4733 1506 4783 villas
1526 4733 1645 4796 propinq’
1666 4732 1784 4782 videlieet
1803 4769 1808 4780 .
1827 4769 1833 4780 .
1852 4769 1857 4780 .
1876 4737 1902 4782 et

602 4801 678 4850 dorso
690 4801 717 4849 ol
729 4799 773 4849 the
785 4798 842 4848 roll.
1278 4814 1325 4862 per
1336 4799 1381 4861 xij.
1394 4801 1522 4862 juratores
1543 4800 1662 4850 vide'icet
1671 4801 1692 4856 '3
1720 4798 1771 4848 ond
1792 4804 1842 4848 two
1862 4799 1900 4846 in·

636 4865 722 4914 ³Roll
747 4869 802 4922 147,
821 4865 894 4914 three
911 4865 1084 4922 membraneo,
1104 4867 1134 4914 17
1152 4864 1227 4914 Rich.
1279 4873 1442 4928 qucsts‘per
1456 4870 1509 4916 sne‘
1529 4867 1572 4928 xij.
1590 4867 1641 4928 jur*
1660 4865 1691 4914 (le
1712 4861 1750 4927 iij.
1771 4864 1824 4913 vill'
1844 4879 1901 4926 pro-

602 4931 825 4982 11.-sHen.1v.
1080 4933 1090 4958 ⁰
1108 4931 1161 4983 se.
1279 4931 1351 4993 pinq'
1365 4931 1501 4982 videlicet!
