4326 5722
565 496 612 566 12
1037 505 1245 562 eononsns‘
1270 506 1400 561 nouis.

566 678 709 748 silvestri
733 677 770 743 in
793 677 1013 763 capitequod
1038 677 1154 744 cecidit
1179 677 1226 744 ita
1253 677 1340 761 quod
1364 675 1445 741 vixit
1471 696 1576 760 usque
1603 676 1651 742 ad·
1672 679 1805 742 noctem
1832 677 1865 742 st

567 805 687 869 parum
718 783 807 848 infra
837 786 969 849 noctem
999 782 1081 849 obiit
1110 803 1169 866 per
1198 781 1431 848 infortunium.
1477 781 1524 846 Et
1548 781 1657 847 dictus
1680 779 1866 848 Willelmus

569 887 682 954 statim
714 887 810 971 fugit.
871 885 1007 952 Hawisa
1037 889 1143 952 mater
1174 908 1289 952 eorum
1319 887 1382 952 hoc
1411 885 1520 969 primo
1557 885 1714 969 percepit,
1744 883 1866 951 levavit

568 991 753 1058 huttesium
770 993 802 1056 et
819 991 882 1056 luit
894 993 1106 1075 prosecutum
1122 1012 1180 1074 per
1196 989 1333 1066 vicinos,
1349 992 1381 1054 et
1397 989 1525 1056 invenit
1539 989 1665 1074 plegios
1680 989 1866 1057 Walterum

569 1097 610 1163 ds
625 1096 837 1162 Rockesdone
853 1099 886 1161 st
901 1095 1084 1161 Robertum
1097 1095 1196 1159 Hude
1212 1094 1252 1160 ds
1268 1094 1500 1176 Goldingtone.

636 1199 815 1284 inquisicio
846 1201 934 1265 facta
964 1219 1075 1264 coram
1108 1199 1141 1267 Β.
1172 1199 1269 1264 Rullo
1300 1201 1493 1262 coronatore
1522 1217 1581 1281 per
1611 1196 1670 1280 iiij.
1696 1196 1763 1262 vill'
1791 1217 1866 1280 pro·

570 1303 760 1389 pinquiores
776 1295 898 1368 scilicet
914 1303 1146 1386 Goldingtone,
1164 1302 1332 1380 Bereford,
1349 1302 1509 1379 Ronhale,
1525 1302 1686 1380 wildene,
1703 1301 1869 1368 Ravenes-

571 1409 664 1488 dane,
690 1429 753 1491 que
784 1407 899 1473 dicunt
930 1407 1015 1472 sicut
1045 1407 1231 1490 predictum
1262 1409 1323 1472 est.
1369 1407 1415 1470 Et
1446 1407 1561 1472 dicunt
1587 1406 1675 1490 quod
1701 1405 1868 1490 predictus

570 1513 754 1578 Willelmus
764 1511 868 1576 nichil
878 1511 996 1577 habuit
1005 1511 1040 1575 in
1050 1509 1190 1575 catallis.
1224 1511 1395 1576 iohannes
1412 1511 1452 1574 de
1468 1511 1587 1576 Mewes
1603 1509 1869 1594 primusvicinus

570 1616 698 1684 invenit
712 1618 836 1701 plegios
852 1617 1040 1684 Gallridum
1056 1616 1086 1682 ls
1103 1616 1225 1683 Coksre
1241 1619 1273 1682 61
1294 1617 1461 1700 Rogerum
1484 1617 1667 1682 Bovetoun.
1706 1615 1871 1680 Robcrtus

453 1751 464 1780 e
492 1749 529 1780 um
572 1723 702 1788 Carales
718 1721 753 1804 ij,
765 1721 894 1786 vicinus
906 1720 1032 1786 invenit
1042 1721 1166 1804 plegios
1177 1721 1362 1785 chricum
1377 1720 1507 1804 Wigein
1519 1722 1552 1786 61
1568 1718 1753 1786 Henrlcum
1768 1717 1868 1786 Cleri·

572 1826 941 1908 cumdsGoldingtona.
973 1825 1170 1910 Precsptum
1180 1827 1230 1891 est
1240 1826 1327 1910 quod
1337 1825 1505 1910 predictus
1514 1824 1699 1893 Willelmus
1709 1823 1869 1907 capiatur.

640 2029 787 2114 Contigit
803 2029 929 2096 invilla
945 2030 984 2096 de
996 2030 1155 2097 Bereford
1167 2031 1219 2097 die
1231 2031 1388 2098 Mercurii
1403 2035 1493 2116 prox’
1507 2033 1586 2098 ante
1597 2029 1871 2096 Purificacionem

573 2137 677 2202 Beate
702 2135 808 2201 Maria
832 2155 920 2200 anno
944 2135 970 2199 1ο
995 2134 1097 2200 tercio
1113 2136 1200 2218 quod
1227 2136 1342 2203 Simon
1366 2135 1462 2201 Daffs
1486 2135 1526 2201 ds
1550 2135 1709 2201 Bereford
1732 2133 1872 2199 intravit

574 2260 696 2323 aquam
713 2260 776 2322 que
792 2241 929 2304 vocatur
942 2238 1010 2304 Usa
1025 2239 1114 2322 apud
1126 2239 1283 2305 Bereford
1299 2242 1333 2305 61
1344 2240 1441 2306 vallet
1457 2239 1582 2324 cepisse
1598 2260 1704 2304 unum
1719 2238 1872 2322 lingnum

570 2344 667 2428 juxta
682 2343 897 2408 Mulnemade
912 2364 950 2408 ex
966 2345 1061 2426 perte
1076 2342 1230 2409 orientali
1242 2343 1318 2410 ville
1334 2347 1366 2410 ct
1381 2365 1440 2429 per
1456 2344 1678 2410 infortunium
1695 2341 1874 2408 submersit

575 2469 620 2514 ss.
665 2448 712 2512 Et
728 2451 842 2531 postea
857 2445 1023 2530 Margaria
1037 2468 1119 2512 uxor
1136 2467 1197 2512 suu
1215 2447 1344 2515 invenit
1366 2470 1443 2514 eum
1466 2448 1519 2513 die
1542 2448 1661 2514 Martis
1684 2450 1774 2530 prox’
1798 2447 1874 2529 post

576 2553 699 2617 festum
717 2551 749 2618 S.
766 2551 904 2636 Mathey
919 2551 1069 2634 Apostoli
1091 2572 1181 2618 anno
1204 2551 1350 2635 predicto
1368 2552 1404 2620 in
1420 2551 1564 2636 quodam
1579 2552 1649 2618 loco
1665 2551 1722 2636 qui
1736 2553 1874 2617 vocatur

574 2656 770 2739 Walesorlig
793 2677 831 2721 ex
853 2658 948 2740 parte
964 2655 1173 2720 meridionali
1188 2657 1275 2735 ville,
1292 2661 1325 2722 61
1343 2657 1472 2723 invenit
1487 2656 1611 2741 plegios
1626 2655 1828 2724 Willelmum
1843 2654 1874 2719 16

570 2759 721 2836 ΙΒ6161161
737 2763 770 2825 61
785 2759 970 2825 Hauricum
987 2759 1153 2826 Gointerel
1168 2759 1209 2824 de
1224 2760 1392 2826 Bereford.

643 2865 822 2948 Inquisicio
853 2865 942 2930 lacta
971 2885 1084 2930 coram
1116 2865 1145 2932 S.
1178 2865 1276 2931 Ruffo
1303 2869 1496 2932 coronatore
1525 2887 1584 2949 per
1614 2865 1674 2950 iiij.
1704 2865 1772 2931 vill’
1799 2883 1873 2948 pro·

576 2968 777 3052 pinquiores‚
802 2969 969 3060 Bereford,
985 2969 1241 3048 Wibaldestons,
1266 2970 1489 3050 Rockasdone‚
1506 2971 1647 3050 Ronha‚¹
1673 2992 1737 3055 que
1760 2969 1875 3035 dicunt

575 3073 663 3141 sicut
678 3075 865 3159 predictum
880 3077 930 3140 est
946 3075 979 3140 ct
994 3071 1096 3138 nichil
1113 3073 1197 3140 aliut
1209 3073 1330 3142 sciunt.

646 4102 792 4184 Contigit
823 4099 858 4166 in
888 4101 968 4166 villa
999 4101 1039 4168 de
1069 4103 1218 4170 Wildene
1249 4103 1301 4170 dia
1331 4103 1476 4168 Mercuri
1505 4105 1597 4187 prox’
1637 4108 1716 4171 ante
1753 4105 1876 4170 festum
1935 4084 1942 4094 ¹

578 4208 812 4291 Apostolorum
828 4206 962 4289 Phillipi
978 4209 1011 4272 et
1027 4207 1142 4278 Jacobi
1157 4212 1232 4291 post
1248 4208 1365 4275 horam
1389 4207 1614 4291 vespertinam
1631 4229 1719 4275 anno
1735 4211 1760 4273 1ο
1775 4210 1877 4275 tercio

578 4312 665 4396 quod
681 4313 701 4377 J
703 4312 851 4376 ohannes
875 4310 963 4374 filius
978 4311 1134 4376 Willelmi
1149 4313 1180 4377 16
1195 4312 1292 4396 Wyte
1308 4312 1348 4378 de
1370 4312 1519 4378 Wildene
1535 4316 1623 4378 atate
1639 4313 1695 4396 xij.
1713 4334 1878 4380 annorum

576 4416 755 4482 custodivit
780 4417 903 4499 agnes²
937 4415 1093 4482 Willelmi
1125 4417 1154 4481 le
1186 4417 1283 4500 Wyte
1314 4417 1420 4500 patris
1455 4417 1507 4482 sui
1538 4417 1573 4481 in
1614 4417 1753 4500 gardino
1791 4419 1878 4502 quod

577 4521 745 4604 quondam
775 4521 847 4585 erat
878 4519 1003 4586 Thome
1026 4519 1113 4586 Tirel
1143 4521 1184 4586 de
1214 4522 1373 4589 Wildene.
1427 4523 1474 4587 Et
1505 4523 1588 4588 hora
1618 4523 1767 4606 predicte
1789 4524 1877 4589 idem

577 4625 749 4692 dohannes
766 4623 918 4706 deposuit
942 4626 1050 4689 vestes
1074 4645 1151 4690 suas
1175 4627 1207 4690 61
1230 4625 1369 4692 intravit
1392 4625 1427 4690 in
1451 4627 1595 4709 quadam
1619 4647 1706 4710 aqua
1728 4628 1764 4691 in
1788 4627 1876 4693 dicto

576 4731 712 4815 gardino
729 4729 770 4795 ad
787 4727 1004 4795 balniandum
1021 4750 1056 4795 ss
1072 4733 1104 4795 et
1128 4731 1305 4796 submersit
1322 4752 1357 4798 aa
1371 4753 1430 4815 per
1445 4731 1678 4798 infortunium.
1724 4733 1832 4798 Adam
1849 4733 1877 4800 16

1008 4881 1014 4911 ¹
1033 4881 1087 4932 Sic.
1364 4886 1374 4916 ²
1393 4885 1446 4937 Sic.

1454 5171 1479 5212 Ι
