<?xml version="1.0" encoding="UTF-8"?>
<!DOCTYPE html PUBLIC "-//W3C//DTD XHTML 1.0 Transitional//EN"
    "http://www.w3.org/TR/xhtml1/DTD/xhtml1-transitional.dtd">
<html xmlns="http://www.w3.org/1999/xhtml" xml:lang="en" lang="en">
 <head>
  <title>
</title>
<meta http-equiv="Content-Type" content="text/html;charset=utf-8" />
  <meta name='ocr-system' content='tesseract 3.04.00' />
  <meta name='ocr-capabilities' content='ocr_page ocr_carea ocr_par ocr_line ocrx_word'/>
</head>
<body>
  <div class='ocr_page' id='page_1' title='image "./selectcasesfrom01grosgoog_0180.png"; bbox 0 0 4372 5724; ppageno 0'>
   <div class='ocr_carea' id='block_1_1' title="bbox 596 598 1425 680">
    <p class='ocr_par' dir='ltr' id='par_1_1' title="bbox 596 598 1425 680">
     <span class='ocr_line' id='line_1_1' title="bbox 596 598 1425 680; baseline 0.011 -11"><span class='ocrx_word' id='word_1_1' title='bbox 596 598 643 670; x_wconf 87' lang='grc'><strong>66</strong></span> <span class='ocrx_word' id='word_1_2' title='bbox 1062 623 1271 679; x_wconf 76' lang='grc'>66666666</span> <span class='ocrx_word' id='word_1_3' title='bbox 1295 624 1425 680; x_wconf 80' lang='lat' dir='ltr'><strong>nonus.</strong></span> 
     </span>
    </p>
   </div>
   <div class='ocr_carea' id='block_1_2' title="bbox 596 787 1898 2336">
    <p class='ocr_par' dir='ltr' id='par_1_2' title="bbox 596 787 1898 2336">
     <span class='ocr_line' id='line_1_2' title="bbox 596 787 1895 874; baseline 0.006 -22"><span class='ocrx_word' id='word_1_4' title='bbox 596 787 636 854; x_wconf 87' lang='lat' dir='ltr'><strong>dc</strong></span> <span class='ocrx_word' id='word_1_5' title='bbox 661 787 859 856; x_wconf 85' lang='lat' dir='ltr'><strong>Bernewelle</strong></span> <span class='ocrx_word' id='word_1_6' title='bbox 876 789 972 874; x_wconf 84' lang='lat' dir='ltr'><strong>juxta</strong></span> <span class='ocrx_word' id='word_1_7' title='bbox 997 791 1124 858; x_wconf 89' lang='lat' dir='ltr'><strong>Undele</strong></span> <span class='ocrx_word' id='word_1_8' title='bbox 1147 793 1226 860; x_wconf 89' lang='lat' dir='ltr'><strong>facit</strong></span> <span class='ocrx_word' id='word_1_9' title='bbox 1242 793 1278 859; x_wconf 93' lang='lat' dir='ltr'><strong>in</strong></span> <span class='ocrx_word' id='word_1_10' title='bbox 1299 794 1459 861; x_wconf 87' lang='lat' dir='ltr'><strong>comitatu</strong></span> <span class='ocrx_word' id='word_1_11' title='bbox 1484 796 1541 860; x_wconf 90' lang='grc'><strong>166</strong></span> <span class='ocrx_word' id='word_1_12' title='bbox 1566 815 1682 861; x_wconf 91' lang='lat' dir='ltr'><strong>versus</strong></span> <span class='ocrx_word' id='word_1_13' title='bbox 1705 795 1895 862; x_wconf 89' lang='lat' dir='ltr'><strong>Johannem</strong></span> 
     </span>
     <span class='ocr_line' id='line_1_3' title="bbox 596 893 1897 985; baseline 0.005 -27"><span class='ocrx_word' id='word_1_14' title='bbox 596 893 774 978; x_wconf 86' lang='lat' dir='ltr'><strong>Blogwyne</strong></span> <span class='ocrx_word' id='word_1_15' title='bbox 790 895 830 961; x_wconf 91' lang='lat' dir='ltr'><strong>de</strong></span> <span class='ocrx_word' id='word_1_16' title='bbox 846 896 984 974; x_wconf 90' lang='lat' dir='ltr'><strong>Undele,</strong></span> <span class='ocrx_word' id='word_1_17' title='bbox 996 897 1180 962; x_wconf 85' lang='lat' dir='ltr'><strong>Walterum</strong></span> <span class='ocrx_word' id='word_1_18' title='bbox 1196 899 1236 964; x_wconf 91' lang='lat' dir='ltr'><strong>de</strong></span> <span class='ocrx_word' id='word_1_19' title='bbox 1249 899 1375 978; x_wconf 82' lang='lat' dir='ltr'><strong>Castra,</strong></span> <span class='ocrx_word' id='word_1_20' title='bbox 1393 900 1582 966; x_wconf 88' lang='lat' dir='ltr'><strong>Johannem</strong></span> <span class='ocrx_word' id='word_1_21' title='bbox 1593 900 1755 985; x_wconf 89' lang='lat' dir='ltr'><strong>Papiloun</strong></span> <span class='ocrx_word' id='word_1_22' title='bbox 1772 901 1812 966; x_wconf 95' lang='lat' dir='ltr'><strong>de</strong></span> <span class='ocrx_word' id='word_1_23' title='bbox 1827 900 1897 966; x_wconf 92' lang='lat' dir='ltr'><strong>Un-</strong></span> 
     </span>
     <span class='ocr_line' id='line_1_4' title="bbox 597 996 1898 1087; baseline 0.005 -26"><span class='ocrx_word' id='word_1_24' title='bbox 597 996 668 1062; x_wconf 89' lang='lat' dir='ltr'><strong>dele</strong></span> <span class='ocrx_word' id='word_1_25' title='bbox 691 999 725 1062; x_wconf 93' lang='lat' dir='ltr'><strong>et</strong></span> <span class='ocrx_word' id='word_1_26' title='bbox 749 999 945 1066; x_wconf 87' lang='lat' dir='ltr'><strong>Nicholaum</strong></span> <span class='ocrx_word' id='word_1_27' title='bbox 960 1001 991 1066; x_wconf 90' lang='grc'><strong>16</strong></span> <span class='ocrx_word' id='word_1_28' title='bbox 1006 1001 1195 1068; x_wconf 85' lang='lat' dir='ltr'><strong>Aketouner</strong></span> <span class='ocrx_word' id='word_1_29' title='bbox 1211 1002 1251 1068; x_wconf 97' lang='grc'><strong>(16</strong></span> <span class='ocrx_word' id='word_1_30' title='bbox 1267 1003 1394 1069; x_wconf 90' lang='lat' dir='ltr'><strong>Undele</strong></span> <span class='ocrx_word' id='word_1_31' title='bbox 1411 1004 1450 1068; x_wconf 89' lang='lat' dir='ltr'><strong>de</strong></span> <span class='ocrx_word' id='word_1_32' title='bbox 1465 1006 1572 1070; x_wconf 86' lang='lat' dir='ltr'><strong>morte</strong></span> <span class='ocrx_word' id='word_1_33' title='bbox 1588 1004 1727 1087; x_wconf 77' lang='lat' dir='ltr'>predicti</span> <span class='ocrx_word' id='word_1_34' title='bbox 1741 1001 1898 1071; x_wconf 87' lang='lat' dir='ltr'><strong>Willelmi</strong></span> 
     </span>
     <span class='ocr_line' id='line_1_5' title="bbox 597 1102 1894 1193; baseline 0.004 -27"><span class='ocrx_word' id='word_1_35' title='bbox 597 1102 765 1185; x_wconf 90' lang='lat' dir='ltr'><strong>quondam</strong></span> <span class='ocrx_word' id='word_1_36' title='bbox 780 1103 843 1168; x_wconf 85' lang='lat' dir='ltr'><strong>viri</strong></span> <span class='ocrx_word' id='word_1_37' title='bbox 859 1104 911 1168; x_wconf 92' lang='lat' dir='ltr'><strong>sui</strong></span> <span class='ocrx_word' id='word_1_38' title='bbox 926 1104 1038 1170; x_wconf 89' lang='lat' dir='ltr'><strong>venire</strong></span> <span class='ocrx_word' id='word_1_39' title='bbox 1056 1106 1159 1171; x_wconf 84' lang='lat' dir='ltr'><strong>facias</strong></span> <span class='ocrx_word' id='word_1_40' title='bbox 1182 1127 1294 1172; x_wconf 91' lang='lat' dir='ltr'><strong>coram</strong></span> <span class='ocrx_word' id='word_1_41' title='bbox 1313 1107 1509 1190; x_wconf 76' lang='lat' dir='ltr'><strong>justiciariis</strong></span> <span class='ocrx_word' id='word_1_42' title='bbox 1532 1107 1654 1173; x_wconf 88' lang='lat' dir='ltr'><strong>nostris</strong></span> <span class='ocrx_word' id='word_1_43' title='bbox 1678 1109 1767 1193; x_wconf 89' lang='lat' dir='ltr'><strong>apud</strong></span> <span class='ocrx_word' id='word_1_44' title='bbox 1790 1109 1894 1175; x_wconf 83' lang='grc'>11661-</span> 
     </span>
     <span class='ocr_line' id='line_1_6' title="bbox 597 1206 1895 1277; baseline 0.002 -6"><span class='ocrx_word' id='word_1_45' title='bbox 597 1207 838 1272; x_wconf 89' lang='lat' dir='ltr'><strong>monasterium</strong></span> <span class='ocrx_word' id='word_1_46' title='bbox 850 1206 885 1272; x_wconf 93' lang='grc'><strong>16</strong></span> <span class='ocrx_word' id='word_1_47' title='bbox 898 1209 1043 1276; x_wconf 86' lang='lat' dir='ltr'><strong>crastino</strong></span> <span class='ocrx_word' id='word_1_48' title='bbox 1057 1209 1090 1276; x_wconf 91' lang='lat' dir='ltr'><strong>S.</strong></span> <span class='ocrx_word' id='word_1_49' title='bbox 1103 1210 1242 1276; x_wconf 89' lang='lat' dir='ltr'><strong>Martini</strong></span> <span class='ocrx_word' id='word_1_50' title='bbox 1254 1231 1329 1276; x_wconf 90' lang='lat' dir='ltr'><strong>curn</strong></span> <span class='ocrx_word' id='word_1_51' title='bbox 1343 1211 1598 1277; x_wconf 87' lang='lat' dir='ltr'><strong>atachiamentis</strong></span> <span class='ocrx_word' id='word_1_52' title='bbox 1610 1214 1643 1277; x_wconf 91' lang='grc'><strong>61</strong></span> <span class='ocrx_word' id='word_1_53' title='bbox 1655 1211 1809 1277; x_wconf 91' lang='lat' dir='ltr'><strong>omnibus</strong></span> <span class='ocrx_word' id='word_1_54' title='bbox 1821 1211 1895 1277; x_wconf 87' lang='lat' dir='ltr'><strong>aliis</strong></span> 
     </span>
     <span class='ocr_line' id='line_1_7' title="bbox 598 1309 1895 1399; baseline 0.002 -23"><span class='ocrx_word' id='word_1_55' title='bbox 598 1309 807 1376; x_wconf 76' lang='lat' dir='ltr'><strong>adminiculis</strong></span> <span class='ocrx_word' id='word_1_56' title='bbox 830 1313 997 1396; x_wconf 89' lang='lat' dir='ltr'><strong>appellum</strong></span> <span class='ocrx_word' id='word_1_57' title='bbox 1021 1313 1104 1378; x_wconf 92' lang='lat' dir='ltr'><strong>illud</strong></span> <span class='ocrx_word' id='word_1_58' title='bbox 1134 1315 1361 1398; x_wconf 76' lang='lat' dir='ltr'><strong>tangentibus.</strong></span> <span class='ocrx_word' id='word_1_59' title='bbox 1407 1315 1453 1380; x_wconf 86' lang='lat' dir='ltr'><strong>Et</strong></span> <span class='ocrx_word' id='word_1_60' title='bbox 1484 1315 1536 1380; x_wconf 92' lang='lat' dir='ltr'><strong>dic</strong></span> <span class='ocrx_word' id='word_1_61' title='bbox 1557 1316 1685 1399; x_wconf 81' lang='lat' dir='ltr'><strong>prefate</strong></span> <span class='ocrx_word' id='word_1_62' title='bbox 1707 1316 1895 1399; x_wconf 84' lang='lat' dir='ltr'><strong>Margaretc</strong></span> 
     </span>
     <span class='ocr_line' id='line_1_8' title="bbox 599 1416 1894 1504; baseline 0.002 -23"><span class='ocrx_word' id='word_1_63' title='bbox 599 1416 686 1500; x_wconf 91' lang='lat' dir='ltr'><strong>quod</strong></span> <span class='ocrx_word' id='word_1_64' title='bbox 704 1419 784 1482; x_wconf 89' lang='lat' dir='ltr'><strong>tunc</strong></span> <span class='ocrx_word' id='word_1_65' title='bbox 808 1416 852 1483; x_wconf 90' lang='lat' dir='ltr'><strong>sit</strong></span> <span class='ocrx_word' id='word_1_66' title='bbox 875 1417 921 1482; x_wconf 90' lang='lat' dir='ltr'><strong>ibi</strong></span> <span class='ocrx_word' id='word_1_67' title='bbox 944 1419 1111 1502; x_wconf 89' lang='lat' dir='ltr'><strong>appellum</strong></span> <span class='ocrx_word' id='word_1_68' title='bbox 1135 1440 1234 1485; x_wconf 91' lang='lat' dir='ltr'><strong>suum</strong></span> <span class='ocrx_word' id='word_1_69' title='bbox 1254 1441 1370 1485; x_wconf 88' lang='lat' dir='ltr'><strong>versus</strong></span> <span class='ocrx_word' id='word_1_70' title='bbox 1394 1421 1559 1504; x_wconf 88' lang='lat' dir='ltr'><strong>predictos</strong></span> <span class='ocrx_word' id='word_1_71' title='bbox 1582 1421 1783 1499; x_wconf 73' lang='lat' dir='ltr'><strong>iohannem,</strong></span> <span class='ocrx_word' id='word_1_72' title='bbox 1806 1420 1894 1486; x_wconf 89' lang='lat' dir='ltr'><strong>Wal-</strong></span> 
     </span>
     <span class='ocr_line' id='line_1_9' title="bbox 599 1521 1897 1608; baseline 0.002 -23"><span class='ocrx_word' id='word_1_73' title='bbox 599 1522 720 1598; x_wconf 87' lang='lat' dir='ltr'><strong>terum,</strong></span> <span class='ocrx_word' id='word_1_74' title='bbox 745 1521 933 1586; x_wconf 86' lang='lat' dir='ltr'><strong>Johannem</strong></span> <span class='ocrx_word' id='word_1_75' title='bbox 957 1526 990 1588; x_wconf 91' lang='lat' dir='ltr'><strong>et</strong></span> <span class='ocrx_word' id='word_1_76' title='bbox 1017 1523 1215 1590; x_wconf 90' lang='lat' dir='ltr'><strong>Nicholaum</strong></span> <span class='ocrx_word' id='word_1_77' title='bbox 1241 1524 1318 1590; x_wconf 91' lang='lat' dir='ltr'><strong>inde</strong></span> <span class='ocrx_word' id='word_1_78' title='bbox 1340 1527 1558 1608; x_wconf 81' lang='lat' dir='ltr'><strong>prosecutura</strong></span> <span class='ocrx_word' id='word_1_79' title='bbox 1588 1524 1617 1590; x_wconf 92' lang='lat' dir='ltr'><strong>si</strong></span> <span class='ocrx_word' id='word_1_80' title='bbox 1647 1523 1798 1590; x_wconf 92' lang='lat' dir='ltr'><strong>voluerit.</strong></span> <span class='ocrx_word' id='word_1_81' title='bbox 1849 1525 1897 1588; x_wconf 83' lang='lat' dir='ltr'><strong>Et</strong></span> 
     </span>
     <span class='ocr_line' id='line_1_10' title="bbox 599 1624 1897 1712; baseline 0.003 -24"><span class='ocrx_word' id='word_1_82' title='bbox 599 1624 724 1690; x_wconf 88' lang='lat' dir='ltr'><strong>habeas</strong></span> <span class='ocrx_word' id='word_1_83' title='bbox 746 1624 793 1690; x_wconf 93' lang='lat' dir='ltr'><strong>ibi</strong></span> <span class='ocrx_word' id='word_1_84' title='bbox 816 1625 879 1690; x_wconf 93' lang='lat' dir='ltr'><strong>hoc</strong></span> <span class='ocrx_word' id='word_1_85' title='bbox 902 1625 1011 1691; x_wconf 88' lang='lat' dir='ltr'><strong>breve.</strong></span> <span class='ocrx_word' id='word_1_86' title='bbox 1058 1627 1154 1692; x_wconf 79' lang='lat' dir='ltr'><strong>Teste</strong></span> <span class='ocrx_word' id='word_1_87' title='bbox 1180 1649 1234 1693; x_wconf 94' lang='lat' dir='ltr'><strong>me</strong></span> <span class='ocrx_word' id='word_1_88' title='bbox 1258 1627 1330 1711; x_wconf 91' lang='lat' dir='ltr'><strong>ipso</strong></span> <span class='ocrx_word' id='word_1_89' title='bbox 1356 1628 1446 1712; x_wconf 92' lang='lat' dir='ltr'><strong>apud</strong></span> <span class='ocrx_word' id='word_1_90' title='bbox 1470 1628 1744 1712; x_wconf 83' lang='lat' dir='ltr'><strong>Wyndlessouere</strong></span> <span class='ocrx_word' id='word_1_91' title='bbox 1768 1649 1820 1693; x_wconf 86' lang='lat' dir='ltr'><strong>xv.</strong></span> <span class='ocrx_word' id='word_1_92' title='bbox 1844 1627 1897 1692; x_wconf 91' lang='lat' dir='ltr'><strong>die</strong></span> 
     </span>
     <span class='ocr_line' id='line_1_11' title="bbox 600 1727 1898 1815; baseline 0.001 -22"><span class='ocrx_word' id='word_1_93' title='bbox 600 1727 751 1793; x_wconf 86' lang='lat' dir='ltr'><strong>Octobris</strong></span> <span class='ocrx_word' id='word_1_94' title='bbox 767 1749 856 1793; x_wconf 90' lang='lat' dir='ltr'><strong>anno</strong></span> <span class='ocrx_word' id='word_1_95' title='bbox 870 1728 965 1812; x_wconf 90' lang='lat' dir='ltr'><strong>regni</strong></span> <span class='ocrx_word' id='word_1_96' title='bbox 980 1730 1087 1796; x_wconf 87' lang='lat' dir='ltr'><strong>nostri</strong></span> <span class='ocrx_word' id='word_1_97' title='bbox 1097 1733 1198 1796; x_wconf 89' lang='lat' dir='ltr'><strong>sexto.</strong></span> <span class='ocrx_word' id='word_1_98' title='bbox 1244 1731 1328 1813; x_wconf 80' lang='lat' dir='ltr'><strong>Quia</strong></span> <span class='ocrx_word' id='word_1_99' title='bbox 1343 1732 1511 1815; x_wconf 89' lang='lat' dir='ltr'><strong>appellum</strong></span> <span class='ocrx_word' id='word_1_100' title='bbox 1526 1731 1712 1814; x_wconf 86' lang='lat' dir='ltr'><strong>predictum</strong></span> <span class='ocrx_word' id='word_1_101' title='bbox 1724 1731 1760 1795; x_wconf 95' lang='lat' dir='ltr'><strong>in</strong></span> <span class='ocrx_word' id='word_1_102' title='bbox 1775 1731 1898 1796; x_wconf 92' lang='lat' dir='ltr'><strong>minori</strong></span> 
     </span>
     <span class='ocr_line' id='line_1_12' title="bbox 600 1831 1898 1919; baseline 0.002 -23"><span class='ocrx_word' id='word_1_103' title='bbox 600 1831 694 1897; x_wconf 89' lang='lat' dir='ltr'><strong>curia</strong></span> <span class='ocrx_word' id='word_1_104' title='bbox 709 1853 811 1916; x_wconf 89' lang='lat' dir='ltr'><strong>quam</strong></span> <span class='ocrx_word' id='word_1_105' title='bbox 826 1853 939 1899; x_wconf 88' lang='lat' dir='ltr'><strong>coram</strong></span> <span class='ocrx_word' id='word_1_106' title='bbox 954 1834 1050 1900; x_wconf 88' lang='lat' dir='ltr'><strong>nobis</strong></span> <span class='ocrx_word' id='word_1_107' title='bbox 1066 1835 1116 1900; x_wconf 89' lang='lat' dir='ltr'><strong>vel</strong></span> <span class='ocrx_word' id='word_1_108' title='bbox 1131 1835 1211 1900; x_wconf 88' lang='lat' dir='ltr'><strong>alibi</strong></span> <span class='ocrx_word' id='word_1_109' title='bbox 1226 1856 1337 1902; x_wconf 90' lang='lat' dir='ltr'><strong>coram</strong></span> <span class='ocrx_word' id='word_1_110' title='bbox 1357 1835 1552 1919; x_wconf 80' lang='lat' dir='ltr'><strong>justiciariis</strong></span> <span class='ocrx_word' id='word_1_111' title='bbox 1575 1835 1699 1902; x_wconf 87' lang='lat' dir='ltr'><strong>nostris</strong></span> <span class='ocrx_word' id='word_1_112' title='bbox 1723 1834 1898 1901; x_wconf 87' lang='lat' dir='ltr'><strong>terminari</strong></span> 
     </span>
     <span class='ocr_line' id='line_1_13' title="bbox 600 1937 1898 2024; baseline 0.001 -23"><span class='ocrx_word' id='word_1_113' title='bbox 600 1957 669 2002; x_wconf 92' lang='lat' dir='ltr'><strong>non</strong></span> <span class='ocrx_word' id='word_1_114' title='bbox 692 1939 801 2019; x_wconf 84' lang='lat' dir='ltr'><strong>potest</strong></span> <span class='ocrx_word' id='word_1_115' title='bbox 833 1937 1016 2002; x_wconf 89' lang='lat' dir='ltr'><strong>secundum</strong></span> <span class='ocrx_word' id='word_1_116' title='bbox 1042 1939 1148 2022; x_wconf 85' lang='lat' dir='ltr'><strong>legem</strong></span> <span class='ocrx_word' id='word_1_117' title='bbox 1171 1943 1205 2006; x_wconf 92' lang='grc'><strong>61</strong></span> <span class='ocrx_word' id='word_1_118' title='bbox 1234 1941 1508 2014; x_wconf 83' lang='lat' dir='ltr'><strong>consuetudinem</strong></span> <span class='ocrx_word' id='word_1_119' title='bbox 1538 1941 1633 2024; x_wconf 88' lang='lat' dir='ltr'><strong>regni</strong></span> <span class='ocrx_word' id='word_1_120' title='bbox 1658 1939 1774 2004; x_wconf 89' lang='lat' dir='ltr'><strong>nostri.</strong></span> <span class='ocrx_word' id='word_1_121' title='bbox 1820 1938 1898 2003; x_wconf 86' lang='lat' dir='ltr'><strong>Fiat</strong></span> 
     </span>
     <span class='ocr_line' id='line_1_14' title="bbox 601 2040 1898 2126; baseline 0.001 -20"><span class='ocrx_word' id='word_1_122' title='bbox 601 2040 752 2106; x_wconf 82' lang='lat' dir='ltr'><strong>erecucio</strong></span> <span class='ocrx_word' id='word_1_123' title='bbox 778 2040 876 2107; x_wconf 86' lang='lat' dir='ltr'><strong>istius</strong></span> <span class='ocrx_word' id='word_1_124' title='bbox 901 2041 1010 2107; x_wconf 88' lang='lat' dir='ltr'><strong>brevis</strong></span> <span class='ocrx_word' id='word_1_125' title='bbox 1035 2041 1064 2108; x_wconf 91' lang='lat' dir='ltr'><strong>si</strong></span> <span class='ocrx_word' id='word_1_126' title='bbox 1087 2043 1227 2126; x_wconf 90' lang='lat' dir='ltr'><strong>predicti</strong></span> <span class='ocrx_word' id='word_1_127' title='bbox 1251 2044 1432 2122; x_wconf 81' lang='lat' dir='ltr'><strong>lohannes,</strong></span> <span class='ocrx_word' id='word_1_128' title='bbox 1457 2044 1635 2119; x_wconf 85' lang='lat' dir='ltr'><strong>Walterus,</strong></span> <span class='ocrx_word' id='word_1_129' title='bbox 1663 2043 1834 2108; x_wconf 76' lang='lat' dir='ltr'><strong>iohannes</strong></span> <span class='ocrx_word' id='word_1_130' title='bbox 1864 2044 1898 2107; x_wconf 89' lang='lat' dir='ltr'><strong>et</strong></span> 
     </span>
     <span class='ocr_line' id='line_1_15' title="bbox 601 2145 1244 2230; baseline 0.003 -20"><span class='ocrx_word' id='word_1_131' title='bbox 601 2145 781 2210; x_wconf 88' lang='lat' dir='ltr'><strong>Nicholaus</strong></span> <span class='ocrx_word' id='word_1_132' title='bbox 796 2145 859 2212; x_wconf 92' lang='lat' dir='ltr'><strong>hoc</strong></span> <span class='ocrx_word' id='word_1_133' title='bbox 873 2148 991 2230; x_wconf 91' lang='lat' dir='ltr'><strong>petant</strong></span> <span class='ocrx_word' id='word_1_134' title='bbox 1007 2149 1040 2212; x_wconf 87' lang='lat' dir='ltr'><strong>et</strong></span> <span class='ocrx_word' id='word_1_135' title='bbox 1055 2147 1151 2214; x_wconf 91' lang='lat' dir='ltr'><strong>aliter</strong></span> <span class='ocrx_word' id='word_1_136' title='bbox 1166 2169 1244 2214; x_wconf 89' lang='lat' dir='ltr'><strong>non.</strong></span> 
     </span>
     <span class='ocr_line' id='line_1_16' title="bbox 668 2249 1671 2336; baseline 0.002 -22"><span class='ocrx_word' id='word_1_137' title='bbox 668 2249 715 2316; x_wconf 84' lang='lat' dir='ltr'><strong>Et</strong></span> <span class='ocrx_word' id='word_1_138' title='bbox 731 2249 804 2316; x_wconf 91' lang='lat' dir='ltr'><strong>ideo</strong></span> <span class='ocrx_word' id='word_1_139' title='bbox 819 2249 860 2316; x_wconf 92' lang='lat' dir='ltr'><strong>de</strong></span> <span class='ocrx_word' id='word_1_140' title='bbox 874 2249 1022 2335; x_wconf 90' lang='lat' dir='ltr'><strong>predicto</strong></span> <span class='ocrx_word' id='word_1_141' title='bbox 1038 2253 1166 2336; x_wconf 89' lang='lat' dir='ltr'><strong>appello</strong></span> <span class='ocrx_word' id='word_1_142' title='bbox 1181 2251 1284 2316; x_wconf 91' lang='lat' dir='ltr'><strong>nichil</strong></span> <span class='ocrx_word' id='word_1_143' title='bbox 1300 2251 1440 2318; x_wconf 87' lang='lat' dir='ltr'><strong>ulterius</strong></span> <span class='ocrx_word' id='word_1_144' title='bbox 1456 2254 1569 2318; x_wconf 90' lang='lat' dir='ltr'><strong>actum</strong></span> <span class='ocrx_word' id='word_1_145' title='bbox 1585 2250 1671 2316; x_wconf 84' lang='lat' dir='ltr'><strong>fuit.¹</strong></span> 
     </span>
    </p>
   </div>
   <div class='ocr_carea' id='block_1_3' title="bbox 603 2651 1903 3987">
    <p class='ocr_par' dir='ltr' id='par_1_3' title="bbox 603 2651 1903 3987">
     <span class='ocr_line' id='line_1_17' title="bbox 670 2651 1902 2739; baseline -0.003 -19"><span class='ocrx_word' id='word_1_146' title='bbox 670 2655 690 2720; x_wconf 89' lang='lat' dir='ltr'><strong>J</strong></span> <span class='ocrx_word' id='word_1_147' title='bbox 691 2654 841 2720; x_wconf 90' lang='lat' dir='ltr'><strong>ohannes</strong></span> <span class='ocrx_word' id='word_1_148' title='bbox 864 2653 1074 2720; x_wconf 82' lang='lat' dir='ltr'><strong>Oarcctarius</strong></span> <span class='ocrx_word' id='word_1_149' title='bbox 1090 2653 1130 2719; x_wconf 88' lang='lat' dir='ltr'><strong>de</strong></span> <span class='ocrx_word' id='word_1_150' title='bbox 1146 2653 1373 2739; x_wconf 80' lang='lat' dir='ltr'><strong>Quenygborw</strong></span> <span class='ocrx_word' id='word_1_151' title='bbox 1388 2654 1428 2720; x_wconf 91' lang='lat' dir='ltr'><strong>de</strong></span> <span class='ocrx_word' id='word_1_152' title='bbox 1444 2653 1605 2720; x_wconf 87' lang='lat' dir='ltr'><strong>comitatu</strong></span> <span class='ocrx_word' id='word_1_153' title='bbox 1628 2653 1794 2738; x_wconf 86' lang='lat' dir='ltr'><strong>Leycestr’</strong></span> <span class='ocrx_word' id='word_1_154' title='bbox 1811 2651 1902 2719; x_wconf 90' lang='lat' dir='ltr'><strong>veuit</strong></span> 
     </span>
     <span class='ocr_line' id='line_1_18' title="bbox 603 2756 1902 2843; baseline -0.003 -18"><span class='ocrx_word' id='word_1_155' title='bbox 603 2759 692 2843; x_wconf 88' lang='lat' dir='ltr'><strong>apud</strong></span> <span class='ocrx_word' id='word_1_156' title='bbox 708 2758 834 2825; x_wconf 88' lang='lat' dir='ltr'><strong>Undele</strong></span> <span class='ocrx_word' id='word_1_157' title='bbox 850 2757 903 2824; x_wconf 91' lang='lat' dir='ltr'><strong>die</strong></span> <span class='ocrx_word' id='word_1_158' title='bbox 918 2757 1015 2823; x_wconf 85' lang='lat' dir='ltr'><strong>Luna</strong></span> <span class='ocrx_word' id='word_1_159' title='bbox 1035 2757 1125 2841; x_wconf 85' lang='lat' dir='ltr'><strong>prox’</strong></span> <span class='ocrx_word' id='word_1_160' title='bbox 1142 2761 1217 2842; x_wconf 88' lang='lat' dir='ltr'><strong>post</strong></span> <span class='ocrx_word' id='word_1_161' title='bbox 1241 2759 1364 2823; x_wconf 86' lang='lat' dir='ltr'><strong>festum</strong></span> <span class='ocrx_word' id='word_1_162' title='bbox 1389 2758 1504 2824; x_wconf 79' lang='lat' dir='ltr'><strong>Sancti</strong></span> <span class='ocrx_word' id='word_1_163' title='bbox 1519 2757 1688 2824; x_wconf 88' lang='lat' dir='ltr'><strong>Dunstani</strong></span> <span class='ocrx_word' id='word_1_164' title='bbox 1704 2777 1793 2824; x_wconf 89' lang='lat' dir='ltr'><strong>anno</strong></span> <span class='ocrx_word' id='word_1_165' title='bbox 1808 2756 1902 2841; x_wconf 89' lang='lat' dir='ltr'><strong>regni</strong></span> 
     </span>
     <span class='ocr_line' id='line_1_19' title="bbox 603 2860 1901 2947; baseline -0.003 -18"><span class='ocrx_word' id='word_1_166' title='bbox 603 2863 690 2947; x_wconf 87' lang='lat' dir='ltr'><strong>regis</strong></span> <span class='ocrx_word' id='word_1_167' title='bbox 704 2861 861 2928; x_wconf 86' lang='lat' dir='ltr'><strong>Edwardi</strong></span> <span class='ocrx_word' id='word_1_168' title='bbox 876 2861 918 2926; x_wconf 86' lang='lat' dir='ltr'><strong>ix.</strong></span> <span class='ocrx_word' id='word_1_169' title='bbox 934 2863 967 2926; x_wconf 92' lang='grc'><strong>61</strong></span> <span class='ocrx_word' id='word_1_170' title='bbox 983 2860 1029 2927; x_wconf 93' lang='lat' dir='ltr'><strong>ibi</strong></span> <span class='ocrx_word' id='word_1_171' title='bbox 1045 2861 1193 2927; x_wconf 89' lang='lat' dir='ltr'><strong>vendidit</strong></span> <span class='ocrx_word' id='word_1_172' title='bbox 1216 2862 1381 2945; x_wconf 83' lang='lat' dir='ltr'><strong>quoddam</strong></span> <span class='ocrx_word' id='word_1_173' title='bbox 1401 2862 1593 2946; x_wconf 88' lang='lat' dir='ltr'><strong>jumentum</strong></span> <span class='ocrx_word' id='word_1_174' title='bbox 1608 2883 1667 2946; x_wconf 91' lang='lat' dir='ltr'><strong>per</strong></span> <span class='ocrx_word' id='word_1_175' title='bbox 1682 2863 1769 2946; x_wconf 91' lang='lat' dir='ltr'><strong>quod</strong></span> <span class='ocrx_word' id='word_1_176' title='bbox 1784 2865 1901 2946; x_wconf 90' lang='lat' dir='ltr'><strong>captus</strong></span> 
     </span>
     <span class='ocr_line' id='line_1_20' title="bbox 603 2964 1899 3052; baseline -0.005 -18"><span class='ocrx_word' id='word_1_177' title='bbox 603 2969 676 3034; x_wconf 87' lang='lat' dir='ltr'><strong>erat</strong></span> <span class='ocrx_word' id='word_1_178' title='bbox 700 2987 758 3052; x_wconf 91' lang='lat' dir='ltr'><strong>per</strong></span> <span class='ocrx_word' id='word_1_179' title='bbox 782 2965 941 3031; x_wconf 87' lang='lat' dir='ltr'><strong>ballivum</strong></span> <span class='ocrx_word' id='word_1_180' title='bbox 965 2965 1131 3030; x_wconf 88' lang='lat' dir='ltr'><strong>hundredi</strong></span> <span class='ocrx_word' id='word_1_181' title='bbox 1155 2967 1195 3032; x_wconf 92' lang='grc'><strong>(16</strong></span> <span class='ocrx_word' id='word_1_182' title='bbox 1219 2966 1389 3032; x_wconf 87' lang='lat' dir='ltr'><strong>Pokebrok</strong></span> <span class='ocrx_word' id='word_1_183' title='bbox 1409 2970 1442 3031; x_wconf 90' lang='grc'><strong>61</strong></span> <span class='ocrx_word' id='word_1_184' title='bbox 1466 2967 1594 3050; x_wconf 88' lang='lat' dir='ltr'><strong>positus</strong></span> <span class='ocrx_word' id='word_1_185' title='bbox 1615 2967 1651 3031; x_wconf 92' lang='lat' dir='ltr'><strong>in</strong></span> <span class='ocrx_word' id='word_1_186' title='bbox 1674 2966 1785 3050; x_wconf 92' lang='lat' dir='ltr'><strong>ceppis</strong></span> <span class='ocrx_word' id='word_1_187' title='bbox 1811 2964 1899 3048; x_wconf 90' lang='lat' dir='ltr'><strong>apud</strong></span> 
     </span>
     <span class='ocr_line' id='line_1_21' title="bbox 605 3069 1900 3154; baseline -0.004 -16"><span class='ocrx_word' id='word_1_188' title='bbox 605 3071 742 3150; x_wconf 87' lang='lat' dir='ltr'><strong>Undela,</strong></span> <span class='ocrx_word' id='word_1_189' title='bbox 759 3069 816 3154; x_wconf 90' lang='lat' dir='ltr'><strong>qui</strong></span> <span class='ocrx_word' id='word_1_190' title='bbox 830 3073 946 3154; x_wconf 90' lang='lat' dir='ltr'><strong>postea</strong></span> <span class='ocrx_word' id='word_1_191' title='bbox 961 3069 1066 3134; x_wconf 85' lang='lat' dir='ltr'><strong>evasit</strong></span> <span class='ocrx_word' id='word_1_192' title='bbox 1081 3073 1115 3135; x_wconf 88' lang='lat' dir='ltr'><strong>ct</strong></span> <span class='ocrx_word' id='word_1_193' title='bbox 1130 3069 1215 3152; x_wconf 78' lang='lat' dir='ltr'><strong>fugit</strong></span> <span class='ocrx_word' id='word_1_194' title='bbox 1231 3071 1273 3134; x_wconf 90' lang='lat' dir='ltr'><strong>ad</strong></span> <span class='ocrx_word' id='word_1_195' title='bbox 1288 3069 1460 3136; x_wconf 87' lang='lat' dir='ltr'><strong>ecclesiam</strong></span> <span class='ocrx_word' id='word_1_196' title='bbox 1478 3070 1592 3136; x_wconf 85' lang='lat' dir='ltr'><strong>Sancti</strong></span> <span class='ocrx_word' id='word_1_197' title='bbox 1611 3069 1702 3136; x_wconf 88' lang='lat' dir='ltr'><strong>Petri</strong></span> <span class='ocrx_word' id='word_1_198' title='bbox 1718 3070 1757 3134; x_wconf 93' lang='lat' dir='ltr'><strong>de</strong></span> <span class='ocrx_word' id='word_1_199' title='bbox 1773 3069 1900 3136; x_wconf 87' lang='lat' dir='ltr'><strong>Undele</strong></span> 
     </span>
     <span class='ocr_line' id='line_1_22' title="bbox 604 3172 1899 3258; baseline -0.005 -16"><span class='ocrx_word' id='word_1_200' title='bbox 604 3181 638 3242; x_wconf 90' lang='lat' dir='ltr'><strong>et</strong></span> <span class='ocrx_word' id='word_1_201' title='bbox 661 3175 813 3258; x_wconf 89' lang='lat' dir='ltr'><strong>cognovit</strong></span> <span class='ocrx_word' id='word_1_202' title='bbox 830 3195 951 3240; x_wconf 90' lang='grc'>666666</span> <span class='ocrx_word' id='word_1_203' title='bbox 975 3173 1139 3238; x_wconf 90' lang='lat' dir='ltr'><strong>latronem</strong></span> <span class='ocrx_word' id='word_1_204' title='bbox 1163 3177 1195 3240; x_wconf 90' lang='grc'><strong>61</strong></span> <span class='ocrx_word' id='word_1_205' title='bbox 1219 3175 1345 3240; x_wconf 86' lang='lat' dir='ltr'><strong>furasse</strong></span> <span class='ocrx_word' id='word_1_206' title='bbox 1369 3174 1495 3239; x_wconf 92' lang='lat' dir='ltr'><strong>dictum</strong></span> <span class='ocrx_word' id='word_1_207' title='bbox 1515 3174 1707 3258; x_wconf 83' lang='lat' dir='ltr'><strong>jumentum</strong></span> <span class='ocrx_word' id='word_1_208' title='bbox 1723 3174 1758 3238; x_wconf 93' lang='lat' dir='ltr'><strong>in</strong></span> <span class='ocrx_word' id='word_1_209' title='bbox 1774 3172 1899 3257; x_wconf 91' lang='lat' dir='ltr'><strong>campis</strong></span> 
     </span>
     <span class='ocr_line' id='line_1_23' title="bbox 605 3278 1899 3362; baseline -0.003 -16"><span class='ocrx_word' id='word_1_210' title='bbox 605 3281 645 3346; x_wconf 89' lang='lat' dir='ltr'><strong>de</strong></span> <span class='ocrx_word' id='word_1_211' title='bbox 669 3279 934 3362; x_wconf 89' lang='lat' dir='ltr'><strong>Wendlingborw</strong></span> <span class='ocrx_word' id='word_1_212' title='bbox 959 3280 992 3344; x_wconf 90' lang='grc'><strong>61</strong></span> <span class='ocrx_word' id='word_1_213' title='bbox 1013 3278 1189 3361; x_wconf 86' lang='lat' dir='ltr'><strong>quemdam</strong></span> <span class='ocrx_word' id='word_1_214' title='bbox 1213 3299 1379 3343; x_wconf 87' lang='lat' dir='ltr'><strong>vomerem</strong></span> <span class='ocrx_word' id='word_1_215' title='bbox 1396 3278 1431 3341; x_wconf 94' lang='lat' dir='ltr'><strong>in</strong></span> <span class='ocrx_word' id='word_1_216' title='bbox 1447 3279 1574 3361; x_wconf 88' lang='lat' dir='ltr'><strong>campis</strong></span> <span class='ocrx_word' id='word_1_217' title='bbox 1597 3279 1637 3343; x_wconf 90' lang='lat' dir='ltr'><strong>de</strong></span> <span class='ocrx_word' id='word_1_218' title='bbox 1660 3278 1765 3361; x_wconf 91' lang='lat' dir='ltr'><strong>Isslep</strong></span> <span class='ocrx_word' id='word_1_219' title='bbox 1788 3297 1899 3343; x_wconf 92' lang='lat' dir='ltr'><strong>coram</strong></span> 
     </span>
     <span class='ocr_line' id='line_1_24' title="bbox 605 3381 1901 3467; baseline -0.004 -16"><span class='ocrx_word' id='word_1_220' title='bbox 605 3387 650 3451; x_wconf 92' lang='lat' dir='ltr'><strong>H.</strong></span> <span class='ocrx_word' id='word_1_221' title='bbox 668 3385 708 3451; x_wconf 92' lang='lat' dir='ltr'><strong>de</strong></span> <span class='ocrx_word' id='word_1_222' title='bbox 724 3385 913 3451; x_wconf 77' lang='lat' dir='ltr'><strong>Tichemers</strong></span> <span class='ocrx_word' id='word_1_223' title='bbox 929 3386 962 3449; x_wconf 97' lang='grc'><strong>61</strong></span> <span class='ocrx_word' id='word_1_224' title='bbox 977 3382 1037 3467; x_wconf 92' lang='lat' dir='ltr'><strong>iiij.</strong></span> <span class='ocrx_word' id='word_1_225' title='bbox 1053 3383 1120 3448; x_wconf 89' lang='lat' dir='ltr'><strong>vill&#39;</strong></span> <span class='ocrx_word' id='word_1_226' title='bbox 1137 3381 1427 3466; x_wconf 90' lang='lat' dir='ltr'><strong>propinquioribus</strong></span> <span class='ocrx_word' id='word_1_227' title='bbox 1442 3382 1594 3448; x_wconf 88' lang='lat' dir='ltr'><strong>videlicet</strong></span> <span class='ocrx_word' id='word_1_228' title='bbox 1611 3382 1749 3461; x_wconf 84' lang='lat' dir='ltr'><strong>Undele,</strong></span> <span class='ocrx_word' id='word_1_229' title='bbox 1766 3383 1901 3460; x_wconf 85' lang='lat' dir='ltr'><strong>Astone,</strong></span> 
     </span>
     <span class='ocr_line' id='line_1_25' title="bbox 604 3485 1901 3573; baseline -0.005 -16"><span class='ocrx_word' id='word_1_230' title='bbox 604 3492 840 3573; x_wconf 88' lang='lat' dir='ltr'><strong>Wermyntone</strong></span> <span class='ocrx_word' id='word_1_231' title='bbox 852 3491 885 3554; x_wconf 90' lang='grc'><strong>61</strong></span> <span class='ocrx_word' id='word_1_232' title='bbox 898 3487 1007 3566; x_wconf 87' lang='lat' dir='ltr'><strong>Stohe,</strong></span> <span class='ocrx_word' id='word_1_233' title='bbox 1020 3490 1053 3554; x_wconf 91' lang='grc'><strong>61</strong></span> <span class='ocrx_word' id='word_1_234' title='bbox 1065 3486 1231 3570; x_wconf 88' lang='lat' dir='ltr'><strong>abjuravit</strong></span> <span class='ocrx_word' id='word_1_235' title='bbox 1246 3507 1386 3569; x_wconf 89' lang='lat' dir='ltr'><strong>regnum</strong></span> <span class='ocrx_word' id='word_1_236' title='bbox 1402 3485 1519 3570; x_wconf 86' lang='lat' dir='ltr'><strong>Anglie</strong></span> <span class='ocrx_word' id='word_1_237' title='bbox 1531 3486 1584 3552; x_wconf 91' lang='lat' dir='ltr'><strong>die</strong></span> <span class='ocrx_word' id='word_1_238' title='bbox 1595 3486 1751 3552; x_wconf 89' lang='lat' dir='ltr'><strong>Mercurii</strong></span> <span class='ocrx_word' id='word_1_239' title='bbox 1765 3485 1801 3551; x_wconf 93' lang='grc'><strong>16</strong></span> <span class='ocrx_word' id='word_1_240' title='bbox 1817 3486 1901 3550; x_wconf 87' lang='grc'>16616</span> 
     </span>
     <span class='ocr_line' id='line_1_26' title="bbox 607 3589 1901 3676; baseline -0.006 -15"><span class='ocrx_word' id='word_1_241' title='bbox 607 3593 722 3662; x_wconf 81' lang='lat' dir='ltr'><strong>Sancti</strong></span> <span class='ocrx_word' id='word_1_242' title='bbox 737 3591 915 3676; x_wconf 80' lang='lat' dir='ltr'><strong>Augustini</strong></span> <span class='ocrx_word' id='word_1_243' title='bbox 937 3611 1026 3656; x_wconf 91' lang='lat' dir='ltr'><strong>anno</strong></span> <span class='ocrx_word' id='word_1_244' title='bbox 1049 3590 1239 3675; x_wconf 90' lang='lat' dir='ltr'><strong>supradicto</strong></span> <span class='ocrx_word' id='word_1_245' title='bbox 1255 3593 1288 3655; x_wconf 88' lang='lat' dir='ltr'><strong>ct</strong></span> <span class='ocrx_word' id='word_1_246' title='bbox 1304 3589 1402 3655; x_wconf 90' lang='grc'>(16166</span> <span class='ocrx_word' id='word_1_247' title='bbox 1418 3589 1482 3655; x_wconf 86' lang='grc'>1611</span> <span class='ocrx_word' id='word_1_248' title='bbox 1498 3589 1560 3654; x_wconf 92' lang='lat' dir='ltr'><strong>sibi</strong></span> <span class='ocrx_word' id='word_1_249' title='bbox 1575 3593 1691 3674; x_wconf 88' lang='lat' dir='ltr'><strong>portus</strong></span> <span class='ocrx_word' id='word_1_250' title='bbox 1706 3589 1746 3655; x_wconf 88' lang='lat' dir='ltr'><strong>de</strong></span> <span class='ocrx_word' id='word_1_251' title='bbox 1761 3589 1901 3655; x_wconf 88' lang='lat' dir='ltr'><strong>Dovere.</strong></span> 
     </span>
     <span class='ocr_line' id='line_1_27' title="bbox 604 3692 1901 3778; baseline -0.005 -16"><span class='ocrx_word' id='word_1_252' title='bbox 604 3697 728 3762; x_wconf 89' lang='lat' dir='ltr'><strong>Villata</strong></span> <span class='ocrx_word' id='word_1_253' title='bbox 752 3696 792 3760; x_wconf 92' lang='lat' dir='ltr'><strong>de</strong></span> <span class='ocrx_word' id='word_1_254' title='bbox 817 3694 943 3762; x_wconf 89' lang='lat' dir='ltr'><strong>Undelc</strong></span> <span class='ocrx_word' id='word_1_255' title='bbox 964 3693 1175 3778; x_wconf 89' lang='lat' dir='ltr'><strong>respondebit</strong></span> <span class='ocrx_word' id='word_1_256' title='bbox 1201 3693 1240 3758; x_wconf 89' lang='lat' dir='ltr'><strong>dc</strong></span> <span class='ocrx_word' id='word_1_257' title='bbox 1263 3693 1428 3759; x_wconf 83' lang='lat' dir='ltr'><strong>evasione.</strong></span> <span class='ocrx_word' id='word_1_258' title='bbox 1474 3692 1901 3777; x_wconf 78' lang='grc' dir='ltr'>(1616116666111.6.ν1.(1.</span> 
     </span>
     <span class='ocr_line' id='line_1_28' title="bbox 605 3797 1903 3885; baseline -0.003 -20"><span class='ocrx_word' id='word_1_259' title='bbox 605 3821 664 3885; x_wconf 93' lang='lat' dir='ltr'><strong>per</strong></span> <span class='ocrx_word' id='word_1_260' title='bbox 679 3799 859 3884; x_wconf 89' lang='lat' dir='ltr'><strong>particulos</strong></span> <span class='ocrx_word' id='word_1_261' title='bbox 870 3798 906 3863; x_wconf 90' lang='lat' dir='ltr'><strong>in</strong></span> <span class='ocrx_word' id='word_1_262' title='bbox 918 3802 1058 3882; x_wconf 88' lang='lat' dir='ltr'><strong>argento</strong></span> <span class='ocrx_word' id='word_1_263' title='bbox 1073 3800 1256 3864; x_wconf 74' lang='lat' dir='ltr'><strong>monetata</strong></span> <span class='ocrx_word' id='word_1_264' title='bbox 1294 3797 1448 3863; x_wconf 85' lang='lat' dir='ltr'><strong>Pracium</strong></span> <span class='ocrx_word' id='word_1_265' title='bbox 1461 3797 1605 3864; x_wconf 87' lang='lat' dir='ltr'><strong>vomeris</strong></span> <span class='ocrx_word' id='word_1_266' title='bbox 1616 3797 1681 3882; x_wconf 91' lang='lat' dir='ltr'><strong>j.d.</strong></span> <span class='ocrx_word' id='word_1_267' title='bbox 1693 3797 1745 3864; x_wconf 92' lang='lat' dir='ltr'><strong>ob.</strong></span> <span class='ocrx_word' id='word_1_268' title='bbox 1779 3797 1903 3864; x_wconf 83' lang='lat' dir='ltr'><strong>Villata</strong></span> 
     </span>
     <span class='ocr_line' id='line_1_29' title="bbox 606 3903 1027 3987; baseline -0.005 -17"><span class='ocrx_word' id='word_1_269' title='bbox 606 3905 646 3971; x_wconf 90' lang='lat' dir='ltr'><strong>de</strong></span> <span class='ocrx_word' id='word_1_270' title='bbox 663 3904 789 3972; x_wconf 88' lang='lat' dir='ltr'><strong>Undele</strong></span> <span class='ocrx_word' id='word_1_271' title='bbox 804 3903 1027 3987; x_wconf 89' lang='lat' dir='ltr'><strong>respondebit.</strong></span> 
     </span>
    </p>
   </div>
   <div class='ocr_carea' id='block_1_4' title="bbox 452 4291 1906 4592">
    <p class='ocr_par' dir='ltr' id='par_1_4' title="bbox 452 4291 1906 4592">
     <span class='ocr_line' id='line_1_30' title="bbox 458 4291 1904 4380; baseline -0.003 -19"><span class='ocrx_word' id='word_1_272' title='bbox 458 4331 471 4361; x_wconf 74' lang='grc' dir='ltr'>ι</span> <span class='ocrx_word' id='word_1_273' title='bbox 522 4333 553 4365; x_wconf 66' lang='lat' dir='ltr'><strong>ns</strong></span> <span class='ocrx_word' id='word_1_274' title='bbox 671 4297 837 4364; x_wconf 88' lang='lat' dir='ltr'><strong>Walterus</strong></span> <span class='ocrx_word' id='word_1_275' title='bbox 852 4295 985 4380; x_wconf 83' lang='lat' dir='ltr'><strong>Aylewy</strong></span> <span class='ocrx_word' id='word_1_276' title='bbox 1001 4295 1040 4361; x_wconf 90' lang='lat' dir='ltr'><strong>de</strong></span> <span class='ocrx_word' id='word_1_277' title='bbox 1057 4295 1240 4379; x_wconf 82' lang='lat' dir='ltr'><strong>&#39;Prapstone</strong></span> <span class='ocrx_word' id='word_1_278' title='bbox 1255 4295 1366 4378; x_wconf 88' lang='lat' dir='ltr'><strong>posuit</strong></span> <span class='ocrx_word' id='word_1_279' title='bbox 1383 4294 1468 4360; x_wconf 90' lang='lat' dir='ltr'><strong>sein</strong></span> <span class='ocrx_word' id='word_1_280' title='bbox 1491 4295 1626 4360; x_wconf 89' lang='grc'>66616616</span> <span class='ocrx_word' id='word_1_281' title='bbox 1651 4293 1766 4361; x_wconf 88' lang='lat' dir='ltr'><strong>Sancti</strong></span> <span class='ocrx_word' id='word_1_282' title='bbox 1789 4293 1809 4358; x_wconf 87' lang='lat' dir='ltr'><strong>J</strong></span> <span class='ocrx_word' id='word_1_283' title='bbox 1811 4291 1904 4358; x_wconf 89' lang='lat' dir='ltr'><strong>acobi</strong></span> 
     </span>
     <span class='ocr_line' id='line_1_31' title="bbox 452 4382 1905 4486; baseline -0.006 -15"><span class='ocrx_word' id='word_1_284' title='bbox 452 4382 494 4414; x_wconf 49' lang='grc' dir='ltr'><strong><em>ἠ</em></strong></span> <span class='ocrx_word' id='word_1_285' title='bbox 604 4405 644 4470; x_wconf 92' lang='grc'><strong>(16</strong></span> <span class='ocrx_word' id='word_1_286' title='bbox 660 4403 843 4486; x_wconf 83' lang='lat' dir='ltr'><strong>Trapstonc</strong></span> <span class='ocrx_word' id='word_1_287' title='bbox 859 4401 912 4466; x_wconf 95' lang='lat' dir='ltr'><strong>die</strong></span> <span class='ocrx_word' id='word_1_288' title='bbox 928 4400 1023 4465; x_wconf 85' lang='lat' dir='ltr'><strong>Luna</strong></span> <span class='ocrx_word' id='word_1_289' title='bbox 1038 4402 1128 4483; x_wconf 86' lang='lat' dir='ltr'><strong>prox’</strong></span> <span class='ocrx_word' id='word_1_290' title='bbox 1145 4403 1220 4484; x_wconf 88' lang='lat' dir='ltr'><strong>post</strong></span> <span class='ocrx_word' id='word_1_291' title='bbox 1236 4401 1358 4466; x_wconf 84' lang='lat' dir='ltr'><strong>festum</strong></span> <span class='ocrx_word' id='word_1_292' title='bbox 1376 4399 1492 4467; x_wconf 88' lang='lat' dir='ltr'><strong>Sancti</strong></span> <span class='ocrx_word' id='word_1_293' title='bbox 1506 4399 1633 4466; x_wconf 87' lang='lat' dir='ltr'><strong>Mathis</strong></span> <span class='ocrx_word' id='word_1_294' title='bbox 1651 4397 1801 4483; x_wconf 85' lang='lat' dir='ltr'><strong>Apostoli</strong></span> <span class='ocrx_word' id='word_1_295' title='bbox 1816 4417 1905 4463; x_wconf 90' lang='lat' dir='ltr'><strong>anno</strong></span> 
     </span>
     <span class='ocr_line' id='line_1_32' title="bbox 604 4500 1906 4592; baseline -0.007 -18"><span class='ocrx_word' id='word_1_296' title='bbox 604 4506 699 4592; x_wconf 88' lang='lat' dir='ltr'><strong>regni</strong></span> <span class='ocrx_word' id='word_1_297' title='bbox 714 4505 800 4590; x_wconf 88' lang='lat' dir='ltr'><strong>regis</strong></span> <span class='ocrx_word' id='word_1_298' title='bbox 816 4504 973 4571; x_wconf 84' lang='lat' dir='ltr'><strong>Eduardi</strong></span> <span class='ocrx_word' id='word_1_299' title='bbox 988 4505 1030 4588; x_wconf 86' lang='lat' dir='ltr'><strong>xj.</strong></span> <span class='ocrx_word' id='word_1_300' title='bbox 1046 4507 1079 4570; x_wconf 89' lang='lat' dir='ltr'><strong>et</strong></span> <span class='ocrx_word' id='word_1_301' title='bbox 1100 4505 1252 4588; x_wconf 88' lang='lat' dir='ltr'><strong>coguovit</strong></span> <span class='ocrx_word' id='word_1_302' title='bbox 1276 4525 1311 4569; x_wconf 92' lang='lat' dir='ltr'><strong>se</strong></span> <span class='ocrx_word' id='word_1_303' title='bbox 1334 4503 1491 4570; x_wconf 82' lang='lat' dir='ltr'><strong>occidisse</strong></span> <span class='ocrx_word' id='word_1_304' title='bbox 1511 4503 1694 4569; x_wconf 88' lang='lat' dir='ltr'><strong>Robertum</strong></span> <span class='ocrx_word' id='word_1_305' title='bbox 1717 4502 1850 4586; x_wconf 80' lang='lat' dir='ltr'><strong>Aylewy</strong></span> <span class='ocrx_word' id='word_1_306' title='bbox 1865 4500 1906 4565; x_wconf 95' lang='lat' dir='ltr'><strong>de</strong></span> 
     </span>
    </p>
   </div>
   <div class='ocr_carea' id='block_1_5' title="bbox 603 4605 1904 4798">
    <p class='ocr_par' dir='ltr' id='par_1_5' title="bbox 603 4605 1904 4798">
     <span class='ocr_line' id='line_1_33' title="bbox 605 4605 1904 4695; baseline -0.007 -17"><span class='ocrx_word' id='word_1_307' title='bbox 605 4613 789 4695; x_wconf 76' lang='lat' dir='ltr'><strong>Trapstone</strong></span> <span class='ocrx_word' id='word_1_308' title='bbox 805 4629 917 4676; x_wconf 89' lang='lat' dir='ltr'><strong>coram</strong></span> <span class='ocrx_word' id='word_1_309' title='bbox 933 4609 978 4673; x_wconf 91' lang='lat' dir='ltr'><strong>H.</strong></span> <span class='ocrx_word' id='word_1_310' title='bbox 996 4609 1036 4675; x_wconf 89' lang='lat' dir='ltr'><strong>de</strong></span> <span class='ocrx_word' id='word_1_311' title='bbox 1051 4609 1240 4674; x_wconf 82' lang='lat' dir='ltr'><strong>Tichemers</strong></span> <span class='ocrx_word' id='word_1_312' title='bbox 1257 4612 1289 4674; x_wconf 89' lang='lat' dir='ltr'><strong>et</strong></span> <span class='ocrx_word' id='word_1_313' title='bbox 1305 4609 1365 4693; x_wconf 90' lang='lat' dir='ltr'><strong>iiij.</strong></span> <span class='ocrx_word' id='word_1_314' title='bbox 1382 4609 1450 4674; x_wconf 82' lang='lat' dir='ltr'><strong>vill’</strong></span> <span class='ocrx_word' id='word_1_315' title='bbox 1467 4608 1617 4692; x_wconf 89' lang='lat' dir='ltr'><strong>propinq’</strong></span> <span class='ocrx_word' id='word_1_316' title='bbox 1635 4606 1786 4674; x_wconf 82' lang='lat' dir='ltr'><strong>videlicet</strong></span> <span class='ocrx_word' id='word_1_317' title='bbox 1802 4605 1904 4688; x_wconf 78' lang='lat' dir='ltr'><strong>Trap-</strong></span> 
     </span>
     <span class='ocr_line' id='line_1_34' title="bbox 603 4711 1904 4798; baseline -0.01 -12"><span class='ocrx_word' id='word_1_318' title='bbox 603 4721 710 4796; x_wconf 86' lang='grc'>61666,</span> <span class='ocrx_word' id='word_1_319' title='bbox 722 4713 922 4793; x_wconf 75' lang='grc'>1166661666,</span> <span class='ocrx_word' id='word_1_320' title='bbox 936 4715 1047 4798; x_wconf 79' lang='lat' dir='ltr'><strong>Thorp</strong></span> <span class='ocrx_word' id='word_1_321' title='bbox 1057 4734 1133 4779; x_wconf 92' lang='lat' dir='ltr'><strong>cum</strong></span> <span class='ocrx_word' id='word_1_322' title='bbox 1142 4713 1305 4780; x_wconf 88' lang='lat' dir='ltr'><strong>Achirchc</strong></span> <span class='ocrx_word' id='word_1_323' title='bbox 1317 4717 1350 4779; x_wconf 91' lang='lat' dir='ltr'><strong>et</strong></span> <span class='ocrx_word' id='word_1_324' title='bbox 1360 4713 1531 4797; x_wconf 86' lang='lat' dir='ltr'><strong>Cloptone,</strong></span> <span class='ocrx_word' id='word_1_325' title='bbox 1543 4715 1575 4778; x_wconf 90' lang='grc'><strong>61</strong></span> <span class='ocrx_word' id='word_1_326' title='bbox 1586 4711 1751 4796; x_wconf 85' lang='lat' dir='ltr'><strong>abjuravit</strong></span> <span class='ocrx_word' id='word_1_327' title='bbox 1763 4729 1904 4793; x_wconf 86' lang='lat' dir='ltr'><strong>regnum</strong></span> 
     </span>
    </p>
   </div>
   <div class='ocr_carea' id='block_1_6' title="bbox 602 4921 1902 5043">
    <p class='ocr_par' dir='ltr' id='par_1_6' title="bbox 602 4921 1902 5043">
     <span class='ocr_line' id='line_1_35' title="bbox 602 4921 1902 5042; baseline -0.004 -67"><span class='ocrx_word' id='word_1_328' title='bbox 602 4993 614 5040; x_wconf 50' lang='lat'><strong>¹</strong></span> <span class='ocrx_word' id='word_1_329' title='bbox 632 4927 662 5040; x_wconf 66' lang='grc' dir='ltr'><strong>ΠΙ</strong></span> <span class='ocrx_word' id='word_1_330' title='bbox 681 4925 855 5042; x_wconf 51' lang='lat' dir='ltr'><strong>Tidappbm</strong></span> <span class='ocrx_word' id='word_1_331' title='bbox 866 4924 978 4988; x_wconf 81' lang='lat' dir='ltr'><strong>brought</strong></span> <span class='ocrx_word' id='word_1_332' title='bbox 989 4925 1022 4990; x_wconf 82' lang='lat' dir='ltr'><strong>by</strong></span> <span class='ocrx_word' id='word_1_333' title='bbox 1034 4925 1163 4988; x_wconf 86' lang='lat' dir='ltr'><strong>Margaret</strong></span> <span class='ocrx_word' id='word_1_334' title='bbox 1175 4925 1277 4988; x_wconf 81' lang='lat' dir='ltr'><strong>against</strong></span> <span class='ocrx_word' id='word_1_335' title='bbox 1293 4924 1340 4977; x_wconf 77' lang='lat' dir='ltr'><strong>the</strong></span> <span class='ocrx_word' id='word_1_336' title='bbox 1352 4926 1425 4978; x_wconf 86' lang='lat' dir='ltr'><strong>three</strong></span> <span class='ocrx_word' id='word_1_337' title='bbox 1437 4925 1511 4978; x_wconf 82' lang='lat' dir='ltr'><strong>other</strong></span> <span class='ocrx_word' id='word_1_338' title='bbox 1527 4939 1635 4990; x_wconf 81' lang='lat' dir='ltr'><strong>persone</strong></span> <span class='ocrx_word' id='word_1_339' title='bbox 1657 4939 1700 4975; x_wconf 83' lang='lat' dir='ltr'><strong>arc</strong></span> <span class='ocrx_word' id='word_1_340' title='bbox 1720 4924 1775 4975; x_wconf 90' lang='lat' dir='ltr'><strong>also</strong></span> <span class='ocrx_word' id='word_1_341' title='bbox 1786 4923 1862 4988; x_wconf 83' lang='lat' dir='ltr'><strong>giren</strong></span> <span class='ocrx_word' id='word_1_342' title='bbox 1874 4921 1902 4970; x_wconf 92' lang='lat' dir='ltr'><strong>in</strong></span> 
     </span>
     <span class='ocr_line' id='line_1_36' title="bbox 614 5007 831 5043; baseline -0.005 -1"><span class='ocrx_word' id='word_1_343' title='bbox 614 5007 631 5042; x_wconf 92' lang='lat' dir='ltr'><strong>u</strong></span> <span class='ocrx_word' id='word_1_344' title='bbox 663 5007 697 5043; x_wconf 92' lang='grc'><strong>66</strong></span> <span class='ocrx_word' id='word_1_345' title='bbox 740 5008 762 5042; x_wconf 88' lang='lat' dir='ltr'><strong>rs</strong></span> <span class='ocrx_word' id='word_1_346' title='bbox 774 5007 802 5042; x_wconf 91' lang='lat' dir='ltr'><strong>ro</strong></span> <span class='ocrx_word' id='word_1_347' title='bbox 825 5027 831 5041; x_wconf 96' lang='lat'><strong>.</strong></span> 
     </span>
    </p>
   </div>
   <div class='ocr_carea' id='block_1_7' title="bbox 0 0 2203 5724">
    <p class='ocr_par' dir='ltr' id='par_1_7' title="bbox 0 0 2203 5724">
     <span class='ocr_line' id='line_1_37' title="bbox 0 0 2203 5724; baseline 0 0"><span class='ocrx_word' id='word_1_348' title='bbox 0 0 2203 5724; x_wconf 95' lang='lat' dir='ltr'><strong> </strong></span> 
     </span>
    </p>
   </div>
  </div>
 </body>
</html>
