4372 5724
548 517 620 606 '58
656 581 660 590 ·
869 553 875 565 ·
1042 551 1250 608 oenornns’
1276 551 1408 608 nonus.
1457 586 1465 598 .

573 723 665 788 Jovis
692 695 783 807 prox'
809 727 887 792 ante
911 726 1033 791 festum
1057 722 1303 788 Translacionis
1337 719 1452 790 Sancti
1485 720 1610 788 Thome
1632 689 1905 809 Archiepisbbpi¹

574 849 663 894 anno
679 830 772 912 regni
787 831 872 913 regis
889 829 1046 895 Edwardi
1061 829 1155 894 tercii
1170 831 1245 912 post
1261 829 1480 912 conquestum
1496 825 1602 910 xxxvj.
1615 849 1675 922 per
1700 878 1708 894 .
1735 877 1744 896 .
1770 829 1802 910 .¹,
1809 830 1877 914 jur’
1957 825 1964 836 ’

574 937 607 999 91
622 954 680 1017 ρ91
697 937 838 1017 quatuor
853 935 984 1000 villatas
1000 933 1165 1016 predictas
1177 933 1256 1016 jur'.
1303 932 1367 1013 Qui
1383 931 1498 996 dicunt
1515 952 1614 1014 super
1630 937 1878 1024 sacramentum

471 1063 475 1071 ·
520 1055 526 1066 ·
575 1035 1878 1120 9911111911οά19119119991111111191(19·111919911119919119111911119911119111111
1928 1085 1932 1094 -

574 1140 627 1205 die
650 1142 741 1206 Jovis
757 1141 791 1205 in
809 1143 892 1207 festo
914 1141 1149 1224 Apostolorum
1172 1141 1263 1206 Petri
1286 1143 1318 1205 91
1342 1139 1438 1204 Pauli
1463 1160 1552 1205 anno
1575 1143 1765 1225 supradicto
1788 1143 1878 1226 apud
1951 1145 1953 1150 ’
2010 1141 2013 1146 ’

456 1327 460 1334 Ι
574 1245 750 1311 Walsolrne
772 1247 899 1312 occisus
915 1246 979 1310 fuit
995 1266 1072 1310 cum
1095 1245 1261 1310 extraneis
1286 1243 1468 1327 sagittariis
1485 1244 1525 1308 (19
1541 1245 1703 1311 comitatu
1719 1247 1875 1314 Cantebr’

458 1370 462 1380 ·
574 1371 715 1433 quorum
731 1335 868 1416 nomina
880 1350 1013 1434 penitus
1029 1329 1441 1432 1811919111119919111111119,1
1457 1369 1550 1414 arcos
1566 1370 1645 1415 suos
1657 1371 1733 1416 cum
1746 1351 1877 1434 sagittis

452 1426 474 1460 ω
575 1453 654 1517 19111
669 1474 784 1519 versus
800 1476 886 1532 eum,
901 1453 933 1518 e't
949 1453 1083 1536 quidam
1099 1474 1213 1519 eorum
1229 1473 1305 1518 eum
1321 1452 1464 1536 quadam
1477 1453 1600 1536 sagitta
1612 1446 1755 1520 tractata
1766 1456 1877 1539 ipsum
1965 1491 1969 1500 ·

576 1557 747 1640 sagittavit
771 1559 806 1622 in
830 1561 945 1636 ventre
969 1558 1004 1621 in
1028 1562 1125 1642 parte
1156 1559 1290 1624 dextera
1322 1557 1411 1637 unde
1435 1557 1550 1622 statim
1577 1551 1688 1628 obiit„
1724 1559 1877 1636 Precium
1944 1556 1948 1564 ’

357 1653 359 1660 ’
382 1677 386 1686 ·
411 1699 427 1758 -u
438 1698 482 1758 in„
577 1661 696 1744 sagitte
708 1662 733 1745 j.
751 1663 782 1730 d.
799 1663 886 1756 unde
903 1663 1017 1729 villata
1032 1663 1072 1728 de
1088 1661 1265 1730 Walsokne
1280 1660 1500 1745 respondebit.

834 2265 838 2272 .
909 2141 1534 2304 [uouruuurrousruunr]
1583 2271 1588 2281 .

641 2550 768 2616 Accidit
784 2551 873 2634 apud
889 2548 1059 2616 Pokebrok
1075 2549 1128 2614 die
1145 2549 1282 2616 Sabbati
1297 2549 1387 2633 prox’
1404 2553 1479 2634 post
1489 2549 1723 2632 Ascencjonem
1738 2550 1882 2632 Domini¹
1928 2625 1939 2642 ο
1989 2635 1992 2642 Ι

574 2674 663 2720 anno
678 2655 771 2738 regni
786 2655 873 2738 regis
888 2653 1045 2718 Edwardi
1060 2652 1144 2717 xxix.
1161 2653 1249 2735 quod
1271 2652 1408 2736 quidam
1430 2653 1633 2736 Reginaldus
1657 2654 1815 2719 Porthors
1832 2655 1873 2720 de

574 2759 744 2824 Pokebrok
759 2761 791 2824 et
806 2758 1003 2842 Radulphus
1015 2759 1045 2822 le
1058 2757 1231 2842 Chapman
1248 2757 1416 2850 decadem
1428 2761 1591 2823 venerunt
1602 2761 1677 2842 ρ991
1692 2759 1871 2842 prandium
1910 2769 1913 2774 '

564 2858 616 2930 ¹ad
639 2865 779 2928 domum
799 2863 963 2929 lobannis
984 2863 1024 2927 de
1038 2862 1186 2928 Weldon!
1203 2861 1242 2940 (19
1258 2861 1428 2927 Pokebrok
1450 2883 1507 2946 por
1530 2864 1723 2946 preceptum
1746 2862 1872 2929 domini

469 2963 472 2970 ’
573 2969 741 3052 Radulphi
766 2968 924 3032 Porthors
956 2967 996 3032 (19
1028 2967 1143 3032 eadem
1175 2966 1217 3031 ad
1249 2966 1436 3031 ducendum
1466 2959 1577 3050 ipsum
1608 2967 1797 3034 Jobannem
1828 2969 1871 3034 ad

572 3072 700 3138 curiam
723 3071 850 3136 domini
873 3071 1041 3154 Radulpbi
1064 3070 1222 3136 Porthors
1237 3070 1350 3135 vivum
1366 3071 1417 3135 vel
1439 3057 1658 3142 mortuumet
1674 3071 1871 3138 invenerunt
1904 3125 1912 3138 .

434 3196 435 3200 ¹
571 3175 682 3259 ipsum
699 3175 887 3246 Johannem
899 3175 1133 3270 dormientem.
1179 3173 1297 3239 Dictus
1313 3173 1515 3258 Reginaldus
1530 3177 1692 3259 percussit
1708 3175 1818 3260 ipsum
1834 3177 1870 3242 in
1921 3231 1922 3236 ,

572 3281 709 3347 sinistra
733 3283 828 3365 parte
858 3278 977 3363 capitis
997 3269 1111 3363 {usque
1138 3279 1180 3344 ad
1207 3279 1377 3344 cerebrum
1404 3279 1444 3344 de
1468 3281 1613 3364 quodam
1643 3281 1751 3363 gladio
1781 3283 1870 3348 unde

570 3384 693 3468 recepit
716 3387 869 3450 mortem.
914 3384 961 3448 Et
985 3383 1093 3449 dictus
1116 3383 1313 3466 Radulphus
1328 3383 1358 3448 le
1375 3383 1549 3466 Obapman
1572 3385 1735 3469 percussit
1758 3385 1869 3469 ipsum

570 3509 670 3572 super
686 3489 821 3554 dorsum
837 3508 912 3552 eum
936 3487 1081 3571 quadarn
1096 3485 1225 3552 hachia-
1241 3507 1304 3570 que
1320 3491 1457 3552 vocatur
1481 3489 1608 3576 sporht.
1656 3490 1713 3555 Set
1728 3489 1809 3555 vixit
1826 3490 1868 3556 ab
1901 3555 1906 3566 ,
1987 3493 1991 3502 ’

569 3593 627 3657 illa
651 3579 743 3658 bora
757 3612 862 3675 usque
887 3591 974 3656 diem
998 3591 1118 3656 11191119
1145 3591 1236 3674 prox’
1263 3594 1338 3674 post
1369 3592 1491 3656 festum
1520 3593 1552 3658 S.
1579 3591 1753 3659 Trinitatis
1776 3595 1867 3677 prox’

570 3699 734 3780 sequens,⁵
749 3695 920 3761 confessus
936 3695 999 3760 fuit
1015 3697 1047 3760 et
1063 3694 1377 3780 communicatuset
1394 3698 1474 3760 tunc
1489 3696 1704 3786 moriebatur.
1737 3765 1743 3777 ,

635 3801 815 3885 Inquisioio
838 3799 915 3864 inde
942 3800 1031 3865 iacta
1053 3819 1165 3864 coram
1190 3801 1221 3864 J:
1249 3799 1290 3864 de
1316 3801 1432 3865 Aston'
1456 3821 1515 3883 per
1538 3799 1599 3883 iiij.
1622 3801 1690 3865 vill'
1713 3801 1865 3886 propinq?

431 3947 433 3954 ·
568 3904 858 3986 videlicetOundel
868 3925 944 3970 cum
956 3903 1152 3970 Elmintone
1163 3907 1196 3969 91
1206 3905 1333 3982 Aston’,
1346 3904 1571 3994 Hemingtone
1584 3910 1616 3971 et
1628 3906 1865 3986 Wermintone,

435 4064 439 4072 .
568 4033 631 4096 quo
647 4009 761 4076 dicunt
776 4030 834 4092 per
850 4009 1098 4074 sacramentum
1120 4028 1220 4072 suum
1242 4009 1328 4090 quod
1350 4008 1454 4073 nichil
1477 4009 1567 4074 aliud
1582 4009 1661 4075 inde
1675 4010 1785 4076 sciunt
1800 4007 1866 4076 nisi

567 4120 605 4181 ut
622 4115 850 4199 supradictum
873 4117 933 4176 est.
979 4111 1026 4176 Et
1049 4111 1164 4177 dicunt
1188 4111 1274 4194 quod
1298 4112 1378 4177 dicti
1399 4113 1602 4196 Reginaldus
1620 4117 1654 4179 et
1669 4101 1865 4198 Radulpbus

566 4221 597 4285 le
613 4219 786 4303 Ghapman
802 4216 1012 4282 abstulerunt
1029 4235 1049 4280 a
1065 4211 1152 4280 dicto
1168 4215 1322 4290 iohanne
1337 4237 1367 4280 x.
1383 4237 1409 4281 s.
1426 4220 1459 4282 et
1474 4237 1580 4283 unum
1597 4218 1816 4301 quadrantem
1833 4223 1865 4284 et

566 4325 832 4406 asportaverunt,
856 4324 890 4386 91
913 4318 1029 4384 statim
1053 4318 1207 4384 abierunt
1230 4319 1273 4384 ad
1296 4319 1422 4386 curiam
1446 4320 1526 4386 dicti
1549 4321 1676 4387 domini
1697 4323 1865 4407 Radulphi

567 4427 736 4493 Porthors.
782 4426 828 4492 Et
845 4422 1010 4491 decenarii
1026 4423 1066 4488 de
1082 4423 1252 4489 Pokebrok
1276 4425 1380 4491 secuti
1396 4425 1531 4491 fuerunt
1546 4425 1635 4510 ipsos
1650 4427 1771 4493 ibidem
1788 4449 1864 4494 cum
1973 4447 1976 4452 ·

597 4657 605 4684 ¹
625 4653 726 4703 Twelve
739 4666 837 4702 names.
921 4653 931 4680 ²
949 4650 1004 4701 MS.
1017 4645 1153 4701 tractante.
1239 4649 1291 4700 and
1303 4650 1412 4714 fifty-six
1425 4651 1551 4714 inquests,
1560 4653 1741 4716 twenty-three
1752 4669 1824 4705 cases
1836 4657 1864 4706 91
1907 4663 1909 4666 “

597 4721 680 4769 'Tho
700 4717 831 4780 township
851 4719 879 4767 91
898 4717 1038 4768 Welsoken
1058 4731 1143 4766 seems
1162 4719 1188 4766 1ο
1239 4717 1389 4778 abjuration
1401 4718 1863 4782 11919191199919991ωὰ1911111119,

562 4787 629 4836 have
642 4787 706 4834 been
719 4783 847 4834 amerced.
1239 4783 1289 4832 five
1301 4797 1374 4831 cases
1386 4783 1413 4831 of
1425 4784 1529 4846 exigent
1541 4785 1574 4850 by
1585 4785 1659 4836 order
1670 4785 1698 4836 oi
1709 4785 1754 4837 the
1763 4787 1862 4848 Croun,

596 4856 605 4882 ⁴
623 4851 845 4910 11911106,9191911
857 4847 1028 4906 membraneo,
1039 4851 1070 4900 27
1083 4847 1154 4896 Edu.
1168 4847 1189 4896 1.
1240 4847 1293 4899 and
1305 4847 1344 4896 six
1357 4849 1471 4910 appeals.

560 4921 610 4970 -20
623 4918 694 4968 111111.
702 4918 748 4974 11,
757 4915 909 4976 containing
918 4915 998 4964 about
1009 4929 1058 4965 one
1070 4913 1190 4986 hundred
1275 4916 1284 4942 ⁵
1302 4915 1356 4964 MS.
1368 4919 1480 4978 sequent.
