4364 5736
572 597 619 671 92
1041 609 1249 668 conusens·
1275 609 1405 666 nonus.

571 783 768 850 scuterizete
783 805 841 870 per
856 785 966 850 totum
982 801 1113 866 corpus.
1157 781 1205 847 Et
1220 779 1267 846 sic
1282 779 1364 846 vixit
1375 778 1556 864 lengendo¹
1574 799 1679 863 usque
1695 780 1737 845 sd
1752 779 1871 845 horem

570 909 785 972 vesperarum
801 888 888 953 dicto
904 887 957 952 die
983 907 1050 970 que
1074 885 1160 951 hore
1181 883 1388 951 moriebatur
1403 886 1454 950 set
1476 881 1595 949 hebuit
1607 883 1686 967 jure
1701 881 1870 947 ecclesias-

570 994 649 1060 tice.
695 992 849 1059 Precium
861 992 947 1057 dicte
958 991 1103 1056 fornacis
1125 989 1169 1074 vj.
1180 1011 1207 1055 s.
1224 989 1293 1073 viij.
1310 989 1343 1054 d.
1387 989 1434 1054 Et
1449 991 1593 1072 quotuor
1613 988 1781 1054 werdmsn
1797 987 1873 1051 ville

572 1096 719 1182 predicte
734 1117 810 1162 cum
834 1095 955 1162 werdis
971 1095 1040 1160 suis
1063 1094 1141 1160 inde
1168 1093 1321 1160 similiter
1344 1092 1485 1170 onerati,
1502 1091 1684 1158 examinati
1702 1095 1736 1158 et
1752 1092 1795 1158 sd
1810 1091 1872 1156 hoc

569 1201 675 1285 jurati
690 1221 841 1284 expresse
856 1199 1058 1266 concordant
1074 1198 1117 1266 sd
1132 1197 1385 1282 inquisicionem
1400 1196 1594 1281 predictum.

866 1573 1126 1628 HUNDREDUM
1151 1573 1205 1628 Du
1230 1571 1583 1628 CHADELYNG'PONE.

640 1719 819 1803 Inquisicio
846 1723 944 1805 cepto
970 1721 1060 1805 upud
1087 1722 1248 1806 Ghepyng
1273 1722 1421 1788 Nortone
1444 1720 1497 1786 die
1512 1717 1671 1786 Mercurii
1685 1718 1776 1802 prox'
1800 1720 1875 1801 post

421 1805 454 1882 ⁰er
470 1804 515 1882 ”or-
573 1825 696 1890 festum
723 1825 838 1892 Sancti
861 1827 1041 1908 Augustini
1067 1827 1224 1912 Episcopi
1250 1847 1339 1892 enno
1363 1825 1457 1910 regni
1480 1825 1566 1910 regis
1590 1823 1724 1890 Ricardi
1740 1821 1876 1888 secundi

456 2005 467 2034 e
572 1931 647 2014 post
663 1933 881 2014 conquestum
906 1930 960 2016 ij⁶⁰
983 1951 1096 1997 eorem
1124 1931 1278 1998 Johsnne
1301 1930 1419 2015 Hardy
1435 1932 1629 1996 coronatore
1645 1927 1772 1994 domini
1787 1925 1875 2010 regis

573 2034 608 2100 in
625 2035 787 2100 comitatu
803 2036 905 2102 Oxon’
922 2036 1092 2121 assignato
1114 2037 1154 2102 de
1176 2039 1283 2102 morte
1306 2035 1484 2102 Lsurencii
1506 2034 1641 2103 Wslshe
1656 2034 1697 2100 de
1712 2035 1874 2099 Powesse·

574 2138 672 2204 londe
688 2159 786 2222 super
803 2140 912 2204 visum
928 2141 1073 2224 corporis
1093 2141 1144 2206 sui
1160 2161 1218 2224 per
1234 2143 1481 2206 sacramentum
1506 2188 1514 2204 .
1539 2187 1548 2204 .
1574 2141 1597 2204 .²
1619 2137 1683 2220 Qui
1693 2137 1808 2202 dieunt
1818 2157 1876 2220 per

419 2279 491 2309 eone
575 2251 821 2308 sacramentum
838 2265 937 2308 suum
953 2247 1041 2328 quod
1057 2246 1196 2328 contigit
1212 2245 1301 2328 apud
1317 2245 1477 2328 Ghepyng
1500 2245 1647 2308 Nortone
1662 2243 1715 2308 die
1738 2243 1771 2306 et
1786 2261 1876 2307 enno

416 2369 447 2457 ee·
461 2376 546 2456 'pinpo
575 2347 775 2430 supradictis
790 2348 942 2414 videlicet
957 2349 992 2413 in
1008 2354 1104 2414 nocte
1121 2353 1199 2415 ente
1215 2349 1293 2433 gelli
1309 2355 1445 2414 centum
1461 2349 1548 2433 quod
1565 2348 1699 2431 quidem
1715 2345 1877 2411 Ricardus

414 2471 485 2507 'mu
524 2445 536 2464 ⁶
578 2451 718 2535 Smythc
734 2452 774 2518 de
790 2453 936 2518 Nortone
962 2454 1217 2537 predictavenit
1233 2459 1266 2519 et
1282 2453 1428 2518 obviavit
1451 2453 1539 2518 dicto
1555 2451 1741 2518 Laurenoio
1757 2451 1792 2515 in
1808 2451 1878 2515 uite

576 2555 630 2619 vie
647 2555 737 2638 regis
752 2577 828 2620 cum
845 2558 976 2622 cultello
999 2579 1059 2622 suo
1082 2561 1230 2622 extructo
1253 2561 1285 2622 et
1308 2557 1472 2640 percussit
1494 2577 1572 2622 eum
1589 2555 1624 2620 in
1640 2559 1757 2621 ventre
1773 2575 1877 2638 usque

577 2661 619 2727 nd
650 2682 704 2726 cor
736 2661 824 2726 unde
851 2661 966 2727 stetim
993 2663 1075 2728 obiit
1100 2663 1172 2728 sine
1198 2663 1331 2746 juribus
1354 2661 1593 2740 ecclesiasticis,
1617 2660 1877 2745 profunditatis³

578 2765 707 2830 wlnrris
723 2767 778 2850 xij.
805 2768 973 2851 polliclum
998 2771 1031 2833 et
1047 2769 1178 2833 latitud’
1206 2769 1241 2852 ij.
1257 2767 1437 2853 pellicium.
1483 2767 1636 2832 Preoium
1659 2766 1740 2832 dieti
1754 2764 1879 2831 cultelli

417 2891 422 2900 ·
470 2891 478 2910 ·
578 2869 660 2950 ij.d.‚
687 2873 750 2935 etc.
805 2871 852 2936 Et
877 2872 993 2936 dicunt
1024 2873 1111 2954 quod
1143 2872 1251 2938 dictus
1282 2873 1445 2938 Ricardus
1476 2871 1569 2936 nullu
1599 2870 1717 2935 hebuit
1747 2870 1877 2935 catella.

579 2973 736 3037 Inventor
762 2973 841 3038 dieti
867 2975 1046 3039 Lsurencii
1066 2975 1233 3042 interiecti
1257 2976 1428 3043 Geliridus
1455 2975 1671 3042 Wslshemen
1695 2977 1728 3039 et
1752 2973 1877 3040 attech'

579 3098 637 3160 per
661 3077 807 3160 plegium
834 3079 1002 3164 Redulphi
1019 3081 1125 3164 Pygot
1148 3085 1180 3146 et
1196 3081 1371 3164 Regineldi
1390 3081 1524 3163 Lovely.
1570 3081 1616 3144 Et
1638 3079 1684 3144 sio
1711 3079 1879 3162 predictus

579 3181 1216 3267 RicerdusSmytheieloniceinteriecit
1231 3185 1417 3268 predictum
1428 3183 1662 3248 Laurencium.
1708 3184 1754 3248 Et
1764 3183 1880 3248 dicunt

581 3287 667 3370 quod
692 3287 807 3352 stetim
831 3291 906 3371 post
929 3289 1053 3354 dictem
1078 3290 1235 3356 telonium
1259 3291 1382 3355 fuctum
1405 3289 1573 3373 predictus
1597 3289 1759 3354 Ricardus
1783 3288 1879 3371 fugit,

435 3426 447 3453 u
472 3423 483 3452 r
581 3395 643 3458 etc.
689 3393 736 3457 Et
759 3392 875 3458 dicunt
898 3394 984 3477 quod
1008 3394 1179 3460 Johunnes
1194 3395 1332 3460 Welcot’
1358 3397 1470 3460 souter
1491 3393 1555 3458 fuit
1571 3393 1694 3458 ibidem
1717 3393 1881 3476 adjuvans

581 3499 614 3562 et
637 3497 849 3562 consenciens
865 3497 907 3563 ed
923 3497 1046 3564 dictem
1062 3499 1220 3564 ieiunium
1236 3498 1433 3565 iaciendum.
1478 3497 1525 3564 Et
1542 3497 1657 3564 dicunt
1669 3497 1756 3581 quod
1772 3498 1881 3564 dictus

580 3601 775 3669 Johennes⁶
798 3603 936 3672 Wslcot’
954 3606 1066 3670 souter
1081 3603 1201 3670 hebuit
1224 3605 1313 3670 bone
1328 3607 1361 3670 et
1376 3602 1498 3669 estella
1521 3602 1564 3668 sd
1587 3602 1770 3668 velencinm
1793 3623 1824 3668 v.
1842 3623 1880 3680 s.,

581 3710 643 3772 etc.
688 3707 735 3774 Et
750 3711 892 3791 quatuor
907 3708 1082 3775 conviilnte
1097 3709 1243 3793 predicte
1263 3709 1340 3774 inde
1357 3707 1509 3774 similiter
1532 3711 1678 3784 onerate,
1694 3707 1882 3775 examinate

582 3815 615 3877 et
631 3810 673 3878 ed
688 3812 750 3878 hoc
761 3811 874 3897 jurate
890 3833 1040 3898 expresse
1055 3814 1256 3881 concordent
1272 3813 1314 3881 sd
1329 3811 1582 3898 inquisicionem
1597 3811 1792 3897 predictam.

716 4643 725 4676 ¹
745 4642 798 4696 sic.
940 4643 950 4672 ²
967 4641 1067 4693 Twelve
1079 4657 1178 4695 names.
1312 4646 1321 4676 ¹
1340 4644 1393 4698 se.
1526 4645 1559 4675 ⁴·⁴
1578 4642 1687 4694 Orossed
1698 4647 1751 4694 out.

783 4707 917 4760 ‘Welcott
925 4723 976 4761 was
984 4709 1114 4761 attached.
1363 4713 1373 4741 ⁶
1390 4709 1445 4764 Me.
1458 4709 1587 4762 Johcmce.
