<?xml version="1.0" encoding="UTF-8"?>
<!DOCTYPE html PUBLIC "-//W3C//DTD XHTML 1.0 Transitional//EN"
    "http://www.w3.org/TR/xhtml1/DTD/xhtml1-transitional.dtd">
<html xmlns="http://www.w3.org/1999/xhtml" xml:lang="en" lang="en">
 <head>
  <title>
</title>
<meta http-equiv="Content-Type" content="text/html;charset=utf-8" />
  <meta name='ocr-system' content='tesseract 3.04.00' />
  <meta name='ocr-capabilities' content='ocr_page ocr_carea ocr_par ocr_line ocrx_word'/>
</head>
<body>
  <div class='ocr_page' id='page_1' title='image "./selectcasesfrom01grosgoog_0280.png"; bbox 0 0 4302 5734; ppageno 0'>
   <div class='ocr_carea' id='block_1_1' title="bbox 581 579 1413 649">
    <p class='ocr_par' dir='ltr' id='par_1_1' title="bbox 581 579 1413 649">
     <span class='ocr_line' id='line_1_1' title="bbox 581 579 1413 649; baseline -0.006 -1"><span class='ocrx_word' id='word_1_1' title='bbox 581 579 654 649; x_wconf 80' lang='lat' dir='ltr'>no</span> <span class='ocrx_word' id='word_1_2' title='bbox 1050 591 1257 648; x_wconf 70' lang='lat' dir='ltr'>coronans·</span> <span class='ocrx_word' id='word_1_3' title='bbox 1283 591 1413 646; x_wconf 78' lang='lat' dir='ltr'>nosne.</span> 
     </span>
    </p>
   </div>
   <div class='ocr_carea' id='block_1_2' title="bbox 583 866 1890 1287">
    <p class='ocr_par' dir='ltr' id='par_1_2' title="bbox 583 866 1890 1287">
     <span class='ocr_line' id='line_1_2' title="bbox 583 866 1887 930; baseline -0.008 0"><span class='ocrx_word' id='word_1_4' title='bbox 583 875 764 930; x_wconf 86' lang='lat' dir='ltr'>ROTULUS</span> <span class='ocrx_word' id='word_1_5' title='bbox 798 875 1003 929; x_wconf 86' lang='lat' dir='ltr'>WILLELMI</span> <span class='ocrx_word' id='word_1_6' title='bbox 1038 873 1090 926; x_wconf 84' lang='lat' dir='ltr'>DE</span> <span class='ocrx_word' id='word_1_7' title='bbox 1121 871 1428 926; x_wconf 86' lang='lat' dir='ltr'><strong>FROTHYNGHAM</strong></span> <span class='ocrx_word' id='word_1_8' title='bbox 1459 867 1726 924; x_wconf 83' lang='lat' dir='ltr'><strong>CORONATORIS</strong></span> <span class='ocrx_word' id='word_1_9' title='bbox 1750 866 1887 920; x_wconf 87' lang='lat' dir='ltr'>LIBER·</span> 
     </span>
     <span class='ocr_line' id='line_1_3' title="bbox 655 953 1888 1017; baseline -0.01 -1"><span class='ocrx_word' id='word_1_10' title='bbox 655 963 766 1016; x_wconf 83' lang='lat' dir='ltr'>&#39;PATIS</span> <span class='ocrx_word' id='word_1_11' title='bbox 791 964 844 1017; x_wconf 88' lang='lat' dir='ltr'>DE</span> <span class='ocrx_word' id='word_1_12' title='bbox 870 962 1158 1015; x_wconf 82' lang='lat' dir='ltr'><strong>HOLDERNESSE</strong></span> <span class='ocrx_word' id='word_1_13' title='bbox 1184 959 1349 1013; x_wconf 87' lang='lat' dir='ltr'><strong>AFESTO</strong></span> <span class='ocrx_word' id='word_1_14' title='bbox 1376 957 1511 1012; x_wconf 82' lang='lat' dir='ltr'>SANCTI</span> <span class='ocrx_word' id='word_1_15' title='bbox 1536 955 1756 1008; x_wconf 87' lang='lat' dir='ltr'><strong>MICHAELIS</strong></span> <span class='ocrx_word' id='word_1_16' title='bbox 1780 953 1888 1006; x_wconf 81' lang='lat' dir='ltr'>ANNO</span> 
     </span>
     <span class='ocr_line' id='line_1_4' title="bbox 657 1041 1890 1108; baseline -0.007 -6"><span class='ocrx_word' id='word_1_17' title='bbox 657 1050 780 1103; x_wconf 84' lang='lat' dir='ltr'><strong>REGNI</strong></span> <span class='ocrx_word' id='word_1_18' title='bbox 809 1050 927 1103; x_wconf 86' lang='lat' dir='ltr'><strong>REGIS</strong></span> <span class='ocrx_word' id='word_1_19' title='bbox 957 1049 1145 1101; x_wconf 77' lang='lat' dir='ltr'><strong>EDWARDI</strong></span> <span class='ocrx_word' id='word_1_20' title='bbox 1174 1047 1308 1100; x_wconf 84' lang='lat' dir='ltr'><strong>TERCII</strong></span> <span class='ocrx_word' id='word_1_21' title='bbox 1333 1046 1426 1099; x_wconf 85' lang='lat' dir='ltr'>POST</span> <span class='ocrx_word' id='word_1_22' title='bbox 1453 1043 1717 1108; x_wconf 86' lang='lat' dir='ltr'><strong>CONQUESTUM</strong></span> <span class='ocrx_word' id='word_1_23' title='bbox 1742 1041 1890 1095; x_wconf 73' lang='lat' dir='ltr'>XXXVTO</span> 
     </span>
     <span class='ocr_line' id='line_1_5' title="bbox 658 1128 1889 1204; baseline -0.009 -13"><span class='ocrx_word' id='word_1_24' title='bbox 658 1139 787 1204; x_wconf 79' lang='lat' dir='ltr'>USQUE</span> <span class='ocrx_word' id='word_1_25' title='bbox 808 1138 911 1190; x_wconf 84' lang='lat' dir='ltr'>DIEM</span> <span class='ocrx_word' id='word_1_26' title='bbox 931 1137 1038 1190; x_wconf 85' lang='lat' dir='ltr'><strong>LUNE</strong></span> <span class='ocrx_word' id='word_1_27' title='bbox 1058 1135 1168 1188; x_wconf 86' lang='lat' dir='ltr'>PROX&#39;</span> <span class='ocrx_word' id='word_1_28' title='bbox 1189 1135 1281 1188; x_wconf 80' lang='lat' dir='ltr'>POST</span> <span class='ocrx_word' id='word_1_29' title='bbox 1300 1133 1458 1186; x_wconf 82' lang='lat' dir='ltr'>FESTUM</span> <span class='ocrx_word' id='word_1_30' title='bbox 1479 1131 1725 1186; x_wconf 85' lang='lat' dir='ltr'>NATIVITA&#39;PIS</span> <span class='ocrx_word' id='word_1_31' title='bbox 1751 1128 1889 1184; x_wconf 81' lang='lat' dir='ltr'>SANCTI</span> 
     </span>
     <span class='ocr_line' id='line_1_6' title="bbox 657 1222 1409 1287; baseline -0.007 -8"><span class='ocrx_word' id='word_1_32' title='bbox 657 1225 851 1279; x_wconf 64' lang='lat' dir='ltr'>«IOHANNIS</span> <span class='ocrx_word' id='word_1_33' title='bbox 875 1225 1061 1278; x_wconf 83' lang='lat' dir='ltr'>BAPTISTE</span> <span class='ocrx_word' id='word_1_34' title='bbox 1086 1223 1196 1276; x_wconf 86' lang='lat' dir='ltr'>PROX&#39;</span> <span class='ocrx_word' id='word_1_35' title='bbox 1223 1222 1409 1287; x_wconf 82' lang='lat' dir='ltr'><strong>SEQUENS.</strong></span> 
     </span>
    </p>
   </div>
   <div class='ocr_carea' id='block_1_3' title="bbox 588 1358 1890 1514">
    <p class='ocr_par' dir='ltr' id='par_1_3' title="bbox 588 1358 1890 1514">
     <span class='ocr_line' id='line_1_7' title="bbox 588 1358 1890 1428; baseline -0.008 -7"><span class='ocrx_word' id='word_1_36' title='bbox 588 1365 786 1422; x_wconf 84' lang='lat' dir='ltr'>Infortunia</span> <span class='ocrx_word' id='word_1_37' title='bbox 811 1363 1059 1419; x_wconf 85' lang='lat' dir='ltr'>Holderneesie</span> <span class='ocrx_word' id='word_1_38' title='bbox 1082 1363 1127 1417; x_wconf 88' lang='lat' dir='ltr'>de</span> <span class='ocrx_word' id='word_1_39' title='bbox 1143 1375 1234 1417; x_wconf 87' lang='lat' dir='ltr'>enno</span> <span class='ocrx_word' id='word_1_40' title='bbox 1258 1361 1357 1428; x_wconf 81' lang='lat' dir='ltr'>regni</span> <span class='ocrx_word' id='word_1_41' title='bbox 1380 1361 1474 1427; x_wconf 77' lang='lat' dir='ltr'>regie</span> <span class='ocrx_word' id='word_1_42' title='bbox 1497 1359 1661 1416; x_wconf 72' lang='lat' dir='ltr'>Edwards·</span> <span class='ocrx_word' id='word_1_43' title='bbox 1683 1358 1785 1414; x_wconf 85' lang='lat' dir='ltr'>tercii</span> <span class='ocrx_word' id='word_1_44' title='bbox 1806 1359 1890 1426; x_wconf 83' lang='lat' dir='ltr'>post</span> 
     </span>
     <span class='ocr_line' id='line_1_8' title="bbox 896 1443 1591 1514; baseline -0.003 -13"><span class='ocrx_word' id='word_1_45' title='bbox 896 1449 1124 1514; x_wconf 87' lang='lat' dir='ltr'>conquestum</span> <span class='ocrx_word' id='word_1_46' title='bbox 1140 1443 1303 1500; x_wconf 82' lang='lat' dir='ltr'>videlicet</span> <span class='ocrx_word' id='word_1_47' title='bbox 1320 1445 1445 1511; x_wconf 72' lang='lat' dir='ltr'>anglie</span> <span class='ocrx_word' id='word_1_48' title='bbox 1462 1451 1591 1499; x_wconf 74' lang='lat' dir='ltr'>xxxv&#39;0.</span> 
     </span>
    </p>
   </div>
   <div class='ocr_carea' id='block_1_4' title="bbox 589 1567 1895 2188">
    <p class='ocr_par' dir='ltr' id='par_1_4' title="bbox 589 1567 1895 2188">
     <span class='ocr_line' id='line_1_9' title="bbox 656 1567 1892 1662; baseline -0.009 -19"><span class='ocrx_word' id='word_1_49' title='bbox 656 1576 835 1662; x_wconf 87' lang='lat' dir='ltr'>Inquisicio</span> <span class='ocrx_word' id='word_1_50' title='bbox 851 1580 948 1661; x_wconf 89' lang='lat' dir='ltr'>capta</span> <span class='ocrx_word' id='word_1_51' title='bbox 964 1577 1052 1660; x_wconf 87' lang='lat' dir='ltr'>apud</span> <span class='ocrx_word' id='word_1_52' title='bbox 1067 1577 1185 1659; x_wconf 85' lang='lat' dir='ltr'>Swyne</span> <span class='ocrx_word' id='word_1_53' title='bbox 1201 1574 1253 1640; x_wconf 90' lang='lat' dir='ltr'>die</span> <span class='ocrx_word' id='word_1_54' title='bbox 1268 1573 1426 1639; x_wconf 77' lang='lat' dir='ltr'>Mercurii</span> <span class='ocrx_word' id='word_1_55' title='bbox 1437 1576 1528 1657; x_wconf 82' lang='lat' dir='ltr'>prox’</span> <span class='ocrx_word' id='word_1_56' title='bbox 1544 1576 1619 1658; x_wconf 88' lang='lat' dir='ltr'>post</span> <span class='ocrx_word' id='word_1_57' title='bbox 1635 1574 1758 1638; x_wconf 85' lang='lat' dir='ltr'>festum</span> <span class='ocrx_word' id='word_1_58' title='bbox 1776 1567 1892 1638; x_wconf 82' lang='lat' dir='ltr'>Sancti</span> 
     </span>
     <span class='ocr_line' id='line_1_10' title="bbox 589 1677 1893 1765; baseline -0.008 -16"><span class='ocrx_word' id='word_1_59' title='bbox 589 1683 762 1750; x_wconf 79' lang='lat' dir='ltr'>Michaelis</span> <span class='ocrx_word' id='word_1_60' title='bbox 787 1703 876 1748; x_wconf 87' lang='lat' dir='ltr'>anno</span> <span class='ocrx_word' id='word_1_61' title='bbox 900 1683 994 1765; x_wconf 86' lang='lat' dir='ltr'>regni</span> <span class='ocrx_word' id='word_1_62' title='bbox 1021 1681 1107 1764; x_wconf 79' lang='lat' dir='ltr'>regis</span> <span class='ocrx_word' id='word_1_63' title='bbox 1131 1678 1288 1744; x_wconf 88' lang='lat' dir='ltr'>Edwardi</span> <span class='ocrx_word' id='word_1_64' title='bbox 1314 1677 1409 1744; x_wconf 91' lang='lat' dir='ltr'>tercii</span> <span class='ocrx_word' id='word_1_65' title='bbox 1439 1681 1514 1761; x_wconf 88' lang='lat' dir='ltr'>post</span> <span class='ocrx_word' id='word_1_66' title='bbox 1542 1679 1759 1760; x_wconf 89' lang='lat' dir='ltr'>conquestum</span> <span class='ocrx_word' id='word_1_67' title='bbox 1785 1677 1893 1739; x_wconf 58' lang='lat' dir='ltr'>xxwi</span> 
     </span>
     <span class='ocr_line' id='line_1_11' title="bbox 590 1780 1894 1870; baseline -0.006 -18"><span class='ocrx_word' id='word_1_68' title='bbox 590 1809 702 1854; x_wconf 91' lang='lat' dir='ltr'>coram</span> <span class='ocrx_word' id='word_1_69' title='bbox 718 1788 882 1855; x_wconf 90' lang='lat' dir='ltr'>Willelmo</span> <span class='ocrx_word' id='word_1_70' title='bbox 898 1786 938 1852; x_wconf 89' lang='lat' dir='ltr'>de</span> <span class='ocrx_word' id='word_1_71' title='bbox 953 1786 1210 1870; x_wconf 83' lang='lat' dir='ltr'>Frothyngham</span> <span class='ocrx_word' id='word_1_72' title='bbox 1226 1787 1419 1849; x_wconf 80' lang='lat' dir='ltr'>coronatore</span> <span class='ocrx_word' id='word_1_73' title='bbox 1435 1782 1597 1847; x_wconf 80' lang='lat' dir='ltr'>libertatis</span> <span class='ocrx_word' id='word_1_74' title='bbox 1614 1782 1654 1846; x_wconf 92' lang='lat' dir='ltr'>de</span> <span class='ocrx_word' id='word_1_75' title='bbox 1670 1780 1894 1846; x_wconf 87' lang='lat' dir='ltr'>Holdernesse</span> 
     </span>
     <span class='ocr_line' id='line_1_12' title="bbox 592 1888 1892 1973; baseline -0.01 -14"><span class='ocrx_word' id='word_1_76' title='bbox 592 1894 632 1960; x_wconf 90' lang='lat' dir='ltr'>de</span> <span class='ocrx_word' id='word_1_77' title='bbox 647 1895 753 1957; x_wconf 87' lang='lat' dir='ltr'>morte</span> <span class='ocrx_word' id='word_1_78' title='bbox 770 1893 895 1957; x_wconf 81' lang='lat' dir='ltr'>Thome</span> <span class='ocrx_word' id='word_1_79' title='bbox 911 1892 951 1956; x_wconf 92' lang='lat' dir='ltr'>de</span> <span class='ocrx_word' id='word_1_80' title='bbox 968 1891 1144 1973; x_wconf 87' lang='lat' dir='ltr'>Golthorpe</span> <span class='ocrx_word' id='word_1_81' title='bbox 1168 1888 1332 1954; x_wconf 78' lang='lat' dir='ltr'>forestarii</span> <span class='ocrx_word' id='word_1_82' title='bbox 1356 1889 1395 1952; x_wconf 91' lang='lat' dir='ltr'>de</span> <span class='ocrx_word' id='word_1_83' title='bbox 1421 1889 1539 1970; x_wconf 85' lang='lat' dir='ltr'>Swyne</span> <span class='ocrx_word' id='word_1_84' title='bbox 1562 1907 1620 1970; x_wconf 86' lang='lat' dir='ltr'>per</span> <span class='ocrx_word' id='word_1_85' title='bbox 1643 1888 1892 1951; x_wconf 87' lang='lat' dir='ltr'>sacramentum</span> 
     </span>
     <span class='ocr_line' id='line_1_13' title="bbox 593 1986 1895 2082; baseline -0.009 -20"><span class='ocrx_word' id='word_1_86' title='bbox 593 2047 601 2062; x_wconf 94' lang='lat'><strong>.</strong></span> <span class='ocrx_word' id='word_1_87' title='bbox 626 2047 634 2062; x_wconf 94' lang='lat'><strong>.</strong></span> <span class='ocrx_word' id='word_1_88' title='bbox 659 1998 678 2062; x_wconf 90' lang='lat'>.¹</span> <span class='ocrx_word' id='word_1_89' title='bbox 699 1997 889 2082; x_wconf 87' lang='lat' dir='ltr'>juratorum</span> <span class='ocrx_word' id='word_1_90' title='bbox 913 2000 945 2062; x_wconf 92' lang='lat' dir='ltr'>et</span> <span class='ocrx_word' id='word_1_91' title='bbox 968 2017 1026 2080; x_wconf 91' lang='lat' dir='ltr'>per</span> <span class='ocrx_word' id='word_1_92' title='bbox 1049 1995 1181 2060; x_wconf 77' lang='lat' dir='ltr'>villatas</span> <span class='ocrx_word' id='word_1_93' title='bbox 1205 1994 1245 2057; x_wconf 88' lang='lat' dir='ltr'>de</span> <span class='ocrx_word' id='word_1_94' title='bbox 1271 1994 1397 2076; x_wconf 83' lang='lat' dir='ltr'>vayne,</span> <span class='ocrx_word' id='word_1_95' title='bbox 1416 1992 1661 2076; x_wconf 83' lang='lat' dir='ltr'>Oonyngstone,</span> <span class='ocrx_word' id='word_1_96' title='bbox 1678 1986 1895 2072; x_wconf 78' lang='lat' dir='ltr'>Gaghensted</span> 
     </span>
     <span class='ocr_line' id='line_1_14' title="bbox 592 2096 1648 2188; baseline -0.009 -18"><span class='ocrx_word' id='word_1_97' title='bbox 592 2106 625 2170; x_wconf 87' lang='lat' dir='ltr'>et</span> <span class='ocrx_word' id='word_1_98' title='bbox 642 2102 891 2188; x_wconf 85' lang='lat' dir='ltr'>Benyngholme</span> <span class='ocrx_word' id='word_1_99' title='bbox 904 2101 1045 2185; x_wconf 88' lang='lat' dir='ltr'>juratas.</span> <span class='ocrx_word' id='word_1_100' title='bbox 1092 2099 1156 2180; x_wconf 81' lang='lat' dir='ltr'>Qui</span> <span class='ocrx_word' id='word_1_101' title='bbox 1172 2119 1286 2164; x_wconf 87' lang='lat' dir='ltr'>omnes</span> <span class='ocrx_word' id='word_1_102' title='bbox 1299 2097 1405 2181; x_wconf 89' lang='lat' dir='ltr'>jurati</span> <span class='ocrx_word' id='word_1_103' title='bbox 1420 2096 1545 2162; x_wconf 89' lang='lat' dir='ltr'>dicunt.</span> <span class='ocrx_word' id='word_1_104' title='bbox 1571 2145 1579 2162; x_wconf 91' lang='lat'><strong>.</strong></span> <span class='ocrx_word' id='word_1_105' title='bbox 1606 2145 1614 2162; x_wconf 93' lang='lat'><strong>.</strong></span> <span class='ocrx_word' id='word_1_106' title='bbox 1640 2144 1648 2160; x_wconf 91' lang='lat'><em>.</em></span> 
     </span>
    </p>
   </div>
   <div class='ocr_carea' id='block_1_5' title="bbox 445 3541 1899 3622">
    <p class='ocr_par' dir='ltr' id='par_1_5' title="bbox 445 3541 1899 3622">
     <span class='ocr_line' id='line_1_15' title="bbox 445 3541 1899 3622; baseline 0.001 -15"><span class='ocrx_word' id='word_1_107' title='bbox 445 3577 485 3606; x_wconf 75' lang='lat' dir='ltr'>em.</span> <span class='ocrx_word' id='word_1_108' title='bbox 597 3553 730 3608; x_wconf 86' lang='lat' dir='ltr'>Placita</span> <span class='ocrx_word' id='word_1_109' title='bbox 747 3569 871 3610; x_wconf 88' lang='lat' dir='ltr'>corone</span> <span class='ocrx_word' id='word_1_110' title='bbox 889 3555 975 3610; x_wconf 86' lang='lat' dir='ltr'>com’</span> <span class='ocrx_word' id='word_1_111' title='bbox 994 3555 1097 3611; x_wconf 80' lang='lat' dir='ltr'>Ebor&#39;</span> <span class='ocrx_word' id='word_1_112' title='bbox 1114 3555 1201 3611; x_wconf 86' lang='lat' dir='ltr'>tent&#39;</span> <span class='ocrx_word' id='word_1_113' title='bbox 1218 3555 1348 3611; x_wconf 84' lang='lat' dir='ltr'>ibidem</span> <span class='ocrx_word' id='word_1_114' title='bbox 1365 3555 1421 3610; x_wconf 86' lang='lat' dir='ltr'>die</span> <span class='ocrx_word' id='word_1_115' title='bbox 1439 3541 1536 3610; x_wconf 72' lang='lat' dir='ltr'>Eune</span> <span class='ocrx_word' id='word_1_116' title='bbox 1558 3553 1658 3622; x_wconf 87' lang='lat' dir='ltr'>prox’</span> <span class='ocrx_word' id='word_1_117' title='bbox 1675 3557 1755 3622; x_wconf 85' lang='lat' dir='ltr'>poet</span> <span class='ocrx_word' id='word_1_118' title='bbox 1770 3554 1899 3609; x_wconf 88' lang='lat' dir='ltr'>festum</span> 
     </span>
    </p>
   </div>
   <div class='ocr_carea' id='block_1_6' title="bbox 663 3636 1901 3870">
    <p class='ocr_par' dir='ltr' id='par_1_6' title="bbox 663 3636 1901 3870">
     <span class='ocr_line' id='line_1_16' title="bbox 665 3636 1901 3704; baseline -0.001 -13"><span class='ocrx_word' id='word_1_119' title='bbox 665 3637 868 3693; x_wconf 79' lang='lat' dir='ltr'>Sanctorum</span> <span class='ocrx_word' id='word_1_120' title='bbox 880 3639 1033 3694; x_wconf 71' lang='lat' dir='ltr'>Tiburoii</span> <span class='ocrx_word' id='word_1_121' title='bbox 1048 3643 1083 3694; x_wconf 84' lang='lat' dir='ltr'>et</span> <span class='ocrx_word' id='word_1_122' title='bbox 1097 3639 1275 3694; x_wconf 85' lang='lat' dir='ltr'>Valeriani</span> <span class='ocrx_word' id='word_1_123' title='bbox 1291 3652 1381 3694; x_wconf 85' lang='lat' dir='ltr'>anno</span> <span class='ocrx_word' id='word_1_124' title='bbox 1398 3637 1498 3704; x_wconf 77' lang='lat' dir='ltr'>regni</span> <span class='ocrx_word' id='word_1_125' title='bbox 1512 3637 1604 3704; x_wconf 79' lang='lat' dir='ltr'>regis</span> <span class='ocrx_word' id='word_1_126' title='bbox 1621 3638 1783 3692; x_wconf 80' lang='lat' dir='ltr'>Edwardi</span> <span class='ocrx_word' id='word_1_127' title='bbox 1799 3636 1901 3690; x_wconf 87' lang='lat' dir='ltr'>tercii</span> 
     </span>
     <span class='ocr_line' id='line_1_17' title="bbox 663 3721 1899 3789; baseline -0.002 -13"><span class='ocrx_word' id='word_1_128' title='bbox 663 3725 742 3788; x_wconf 75' lang='lat' dir='ltr'>pret</span> <span class='ocrx_word' id='word_1_129' title='bbox 758 3726 984 3789; x_wconf 85' lang='lat' dir='ltr'>conquestum</span> <span class='ocrx_word' id='word_1_130' title='bbox 999 3723 1172 3778; x_wconf 87' lang='lat' dir='ltr'>tricesimo</span> <span class='ocrx_word' id='word_1_131' title='bbox 1188 3724 1328 3778; x_wconf 82' lang='lat' dir='ltr'>octavo·</span> <span class='ocrx_word' id='word_1_132' title='bbox 1339 3724 1492 3788; x_wconf 87' lang='lat' dir='ltr'>tempore</span> <span class='ocrx_word' id='word_1_133' title='bbox 1509 3721 1637 3775; x_wconf 79' lang='lat' dir='ltr'>&#39;rhome</span> <span class='ocrx_word' id='word_1_134' title='bbox 1653 3721 1696 3776; x_wconf 90' lang='lat' dir='ltr'>de</span> <span class='ocrx_word' id='word_1_135' title='bbox 1715 3721 1899 3786; x_wconf 65' lang='lat' dir='ltr'>musgrave</span> 
     </span>
     <span class='ocr_line' id='line_1_18' title="bbox 664 3803 1728 3870; baseline -0.003 -13"><span class='ocrx_word' id='word_1_136' title='bbox 664 3804 873 3860; x_wconf 82' lang='lat' dir='ltr'>vicecomitis</span> <span class='ocrx_word' id='word_1_137' title='bbox 890 3805 993 3860; x_wconf 80' lang='lat' dir='ltr'>Ebor’</span> <span class='ocrx_word' id='word_1_138' title='bbox 1011 3807 1045 3861; x_wconf 88' lang='lat' dir='ltr'>et</span> <span class='ocrx_word' id='word_1_139' title='bbox 1061 3805 1228 3860; x_wconf 83' lang='lat' dir='ltr'>wilielmi</span> <span class='ocrx_word' id='word_1_140' title='bbox 1244 3804 1288 3860; x_wconf 88' lang='lat' dir='ltr'>de</span> <span class='ocrx_word' id='word_1_141' title='bbox 1307 3803 1492 3870; x_wconf 81' lang='lat' dir='ltr'>Lackenby</span> <span class='ocrx_word' id='word_1_142' title='bbox 1510 3803 1728 3858; x_wconf 89' lang='lat' dir='ltr'>coronatoris.</span> 
     </span>
    </p>
   </div>
   <div class='ocr_carea' id='block_1_7' title="bbox 601 3931 1902 4224">
    <p class='ocr_par' dir='ltr' id='par_1_7' title="bbox 601 3931 1902 4224">
     <span class='ocr_line' id='line_1_19' title="bbox 666 3931 1899 4016; baseline -0.001 -20"><span class='ocrx_word' id='word_1_143' title='bbox 666 3931 765 4014; x_wconf 85' lang='lat' dir='ltr'>Exigi</span> <span class='ocrx_word' id='word_1_144' title='bbox 782 3931 882 3996; x_wconf 87' lang='lat' dir='ltr'>iacias</span> <span class='ocrx_word' id='word_1_145' title='bbox 906 3932 927 3997; x_wconf 85' lang='lat' dir='ltr'><strong>J</strong></span> <span class='ocrx_word' id='word_1_146' title='bbox 928 3931 1094 3997; x_wconf 89' lang='lat' dir='ltr'>ohannem</span> <span class='ocrx_word' id='word_1_147' title='bbox 1111 3933 1151 3997; x_wconf 87' lang='lat' dir='ltr'>de</span> <span class='ocrx_word' id='word_1_148' title='bbox 1166 3933 1255 3998; x_wconf 88' lang='lat' dir='ltr'>Leeh</span> <span class='ocrx_word' id='word_1_149' title='bbox 1271 3931 1311 3998; x_wconf 90' lang='lat' dir='ltr'>de</span> <span class='ocrx_word' id='word_1_150' title='bbox 1330 3931 1576 4016; x_wconf 81' lang='lat' dir='ltr'>Pohelyngtone</span> <span class='ocrx_word' id='word_1_151' title='bbox 1592 3931 1632 3996; x_wconf 91' lang='lat' dir='ltr'>de</span> <span class='ocrx_word' id='word_1_152' title='bbox 1648 3932 1819 4009; x_wconf 89' lang='lat' dir='ltr'>comitatu,</span> <span class='ocrx_word' id='word_1_153' title='bbox 1836 3934 1899 3996; x_wconf 90' lang='lat' dir='ltr'>etc.</span> 
     </span>
     <span class='ocr_line' id='line_1_20' title="bbox 601 4033 1901 4120; baseline 0 -22"><span class='ocrx_word' id='word_1_154' title='bbox 601 4034 648 4098; x_wconf 87' lang='lat' dir='ltr'>Et</span> <span class='ocrx_word' id='word_1_155' title='bbox 665 4035 751 4117; x_wconf 91' lang='lat' dir='ltr'>quod</span> <span class='ocrx_word' id='word_1_156' title='bbox 767 4034 891 4100; x_wconf 88' lang='lat' dir='ltr'>habeas</span> <span class='ocrx_word' id='word_1_157' title='bbox 908 4056 1026 4120; x_wconf 86' lang='lat' dir='ltr'>corpus</span> <span class='ocrx_word' id='word_1_158' title='bbox 1042 4036 1114 4119; x_wconf 87' lang='lat' dir='ltr'>ejus</span> <span class='ocrx_word' id='word_1_159' title='bbox 1130 4057 1241 4102; x_wconf 89' lang='lat' dir='ltr'>coram</span> <span class='ocrx_word' id='word_1_160' title='bbox 1253 4036 1457 4119; x_wconf 87' lang='lat' dir='ltr'>justiciariis,</span> <span class='ocrx_word' id='word_1_161' title='bbox 1473 4039 1535 4101; x_wconf 86' lang='lat' dir='ltr'>etc.</span> <span class='ocrx_word' id='word_1_162' title='bbox 1553 4036 1642 4120; x_wconf 91' lang='lat' dir='ltr'>apud</span> <span class='ocrx_word' id='word_1_163' title='bbox 1657 4036 1794 4102; x_wconf 88' lang='lat' dir='ltr'>Westm’</span> <span class='ocrx_word' id='word_1_164' title='bbox 1812 4056 1832 4100; x_wconf 91' lang='lat' dir='ltr'>a</span> <span class='ocrx_word' id='word_1_165' title='bbox 1848 4033 1901 4098; x_wconf 89' lang='lat' dir='ltr'>die</span> 
     </span>
     <span class='ocr_line' id='line_1_21' title="bbox 605 4138 1902 4224; baseline -0.005 -16"><span class='ocrx_word' id='word_1_166' title='bbox 605 4139 726 4208; x_wconf 82' lang='lat' dir='ltr'>Sancte</span> <span class='ocrx_word' id='word_1_167' title='bbox 742 4139 916 4205; x_wconf 80' lang='lat' dir='ltr'>Trinitatis</span> <span class='ocrx_word' id='word_1_168' title='bbox 930 4139 966 4204; x_wconf 88' lang='lat' dir='ltr'>in</span> <span class='ocrx_word' id='word_1_169' title='bbox 982 4161 1034 4206; x_wconf 88' lang='lat' dir='ltr'>xv.</span> <span class='ocrx_word' id='word_1_170' title='bbox 1052 4140 1121 4206; x_wconf 89' lang='lat' dir='ltr'>dies</span> <span class='ocrx_word' id='word_1_171' title='bbox 1136 4140 1179 4206; x_wconf 87' lang='lat' dir='ltr'>ad</span> <span class='ocrx_word' id='word_1_172' title='bbox 1194 4139 1461 4224; x_wconf 89' lang='lat' dir='ltr'>respondendum</span> <span class='ocrx_word' id='word_1_173' title='bbox 1476 4139 1620 4206; x_wconf 89' lang='lat' dir='ltr'>Roberto</span> <span class='ocrx_word' id='word_1_174' title='bbox 1635 4140 1675 4206; x_wconf 89' lang='lat' dir='ltr'>de</span> <span class='ocrx_word' id='word_1_175' title='bbox 1691 4139 1844 4224; x_wconf 79' lang='lat' dir='ltr'>Lyllyng&#39;</span> <span class='ocrx_word' id='word_1_176' title='bbox 1861 4138 1902 4203; x_wconf 91' lang='lat' dir='ltr'>do</span> 
     </span>
    </p>
   </div>
   <div class='ocr_carea' id='block_1_8' title="bbox 637 4456 1903 4588">
    <p class='ocr_par' dir='ltr' id='par_1_8' title="bbox 637 4456 1903 4588">
     <span class='ocr_line' id='line_1_22' title="bbox 638 4456 1902 4522; baseline -0.001 -17"><span class='ocrx_word' id='word_1_177' title='bbox 638 4458 645 4486; x_wconf 91' lang='lat'>¹</span> <span class='ocrx_word' id='word_1_178' title='bbox 665 4456 766 4506; x_wconf 81' lang='lat' dir='ltr'>Twelve</span> <span class='ocrx_word' id='word_1_179' title='bbox 778 4471 879 4508; x_wconf 81' lang='lat' dir='ltr'>names.</span> <span class='ocrx_word' id='word_1_180' title='bbox 1276 4457 1384 4508; x_wconf 75' lang='lat' dir='ltr'>Bcsirles</span> <span class='ocrx_word' id='word_1_181' title='bbox 1395 4457 1469 4508; x_wconf 85' lang='lat' dir='ltr'>these</span> <span class='ocrx_word' id='word_1_182' title='bbox 1481 4461 1672 4522; x_wconf 86' lang='lat' dir='ltr'>presentments</span> <span class='ocrx_word' id='word_1_183' title='bbox 1687 4457 1762 4507; x_wconf 87' lang='lat' dir='ltr'>there</span> <span class='ocrx_word' id='word_1_184' title='bbox 1773 4471 1817 4507; x_wconf 85' lang='lat' dir='ltr'>are</span> <span class='ocrx_word' id='word_1_185' title='bbox 1829 4469 1902 4506; x_wconf 82' lang='lat' dir='ltr'>some</span> 
     </span>
     <span class='ocr_line' id='line_1_23' title="bbox 637 4523 1903 4588; baseline -0.001 -17"><span class='ocrx_word' id='word_1_186' title='bbox 637 4525 647 4551; x_wconf 77' lang='lat'><strong>²</strong></span> <span class='ocrx_word' id='word_1_187' title='bbox 664 4523 722 4572; x_wconf 86' lang='lat' dir='ltr'>Roll</span> <span class='ocrx_word' id='word_1_188' title='bbox 735 4526 791 4581; x_wconf 79' lang='lat'>218,</span> <span class='ocrx_word' id='word_1_189' title='bbox 805 4523 947 4588; x_wconf 81' lang='lat' dir='ltr'>fifty-eight</span> <span class='ocrx_word' id='word_1_190' title='bbox 959 4524 1132 4582; x_wconf 81' lang='lat' dir='ltr'>membranas,</span> <span class='ocrx_word' id='word_1_191' title='bbox 1144 4524 1226 4574; x_wconf 80' lang='grc'>36-48</span> <span class='ocrx_word' id='word_1_192' title='bbox 1277 4525 1443 4588; x_wconf 84' lang='lat' dir='ltr'>appealsand</span> <span class='ocrx_word' id='word_1_193' title='bbox 1452 4525 1622 4588; x_wconf 83' lang='lat' dir='ltr'>abjuratione,</span> <span class='ocrx_word' id='word_1_194' title='bbox 1630 4523 1682 4574; x_wconf 83' lang='lat' dir='ltr'>end</span> <span class='ocrx_word' id='word_1_195' title='bbox 1689 4538 1769 4586; x_wconf 82' lang='lat' dir='ltr'>many</span> <span class='ocrx_word' id='word_1_196' title='bbox 1776 4523 1903 4584; x_wconf 78' lang='lat' dir='ltr'>exigente.</span> 
     </span>
    </p>
   </div>
   <div class='ocr_carea' id='block_1_9' title="bbox 529 4587 1902 4654">
    <p class='ocr_par' dir='ltr' id='par_1_9' title="bbox 529 4587 1902 4654">
     <span class='ocr_line' id='line_1_24' title="bbox 529 4587 1902 4654; baseline -0.001 -17"><span class='ocrx_word' id='word_1_197' title='bbox 529 4641 530 4646; x_wconf 65' lang='lat'>,</span> <span class='ocrx_word' id='word_1_198' title='bbox 604 4587 675 4637; x_wconf 86' lang='lat' dir='ltr'>Edw.</span> <span class='ocrx_word' id='word_1_199' title='bbox 688 4589 754 4646; x_wconf 88' lang='lat'>111.;</span> <span class='ocrx_word' id='word_1_200' title='bbox 772 4595 841 4640; x_wconf 86' lang='lat' dir='ltr'>most</span> <span class='ocrx_word' id='word_1_201' title='bbox 853 4591 880 4639; x_wconf 87' lang='lat' dir='ltr'>oi</span> <span class='ocrx_word' id='word_1_202' title='bbox 893 4591 937 4639; x_wconf 91' lang='lat' dir='ltr'>the</span> <span class='ocrx_word' id='word_1_203' title='bbox 949 4591 1045 4640; x_wconf 85' lang='lat' dir='ltr'>entries</span> <span class='ocrx_word' id='word_1_204' title='bbox 1057 4606 1101 4640; x_wconf 83' lang='lat' dir='ltr'>are</span> <span class='ocrx_word' id='word_1_205' title='bbox 1112 4595 1227 4652; x_wconf 88' lang='lat' dir='ltr'>present·</span> <span class='ocrx_word' id='word_1_206' title='bbox 1311 4593 1320 4620; x_wconf 83' lang='lat'><strong>¹</strong></span> <span class='ocrx_word' id='word_1_207' title='bbox 1337 4591 1465 4654; x_wconf 85' lang='lat' dir='ltr'>Probably</span> <span class='ocrx_word' id='word_1_208' title='bbox 1473 4589 1527 4640; x_wconf 87' lang='lat' dir='ltr'>this</span> <span class='ocrx_word' id='word_1_209' title='bbox 1539 4589 1634 4640; x_wconf 88' lang='lat' dir='ltr'>should</span> <span class='ocrx_word' id='word_1_210' title='bbox 1645 4591 1766 4646; x_wconf 64' lang='lat' dir='ltr'>bancam</span> <span class='ocrx_word' id='word_1_211' title='bbox 1778 4589 1902 4652; x_wconf 85' lang='lat' dir='ltr'>perhaps,</span> 
     </span>
    </p>
   </div>
   <div class='ocr_carea' id='block_1_10' title="bbox 604 4655 1904 4786">
    <p class='ocr_par' dir='ltr' id='par_1_10' title="bbox 604 4655 1904 4786">
     <span class='ocr_line' id='line_1_25' title="bbox 604 4655 1904 4721; baseline 0.002 -19"><span class='ocrx_word' id='word_1_212' title='bbox 604 4659 690 4704; x_wconf 89' lang='lat' dir='ltr'>ments</span> <span class='ocrx_word' id='word_1_213' title='bbox 699 4655 726 4704; x_wconf 90' lang='lat' dir='ltr'>in</span> <span class='ocrx_word' id='word_1_214' title='bbox 736 4656 885 4719; x_wconf 80' lang='lat' dir='ltr'>thecounty</span> <span class='ocrx_word' id='word_1_215' title='bbox 893 4662 968 4706; x_wconf 89' lang='lat' dir='ltr'>court</span> <span class='ocrx_word' id='word_1_216' title='bbox 979 4658 1012 4720; x_wconf 86' lang='lat' dir='ltr'>hy</span> <span class='ocrx_word' id='word_1_217' title='bbox 1021 4659 1080 4706; x_wconf 86' lang='lat' dir='ltr'>tour</span> <span class='ocrx_word' id='word_1_218' title='bbox 1089 4657 1229 4706; x_wconf 86' lang='lat' dir='ltr'>vills‘una</span> <span class='ocrx_word' id='word_1_219' title='bbox 1278 4656 1403 4716; x_wconf 83' lang='lat' dir='ltr'>however,</span> <span class='ocrx_word' id='word_1_220' title='bbox 1432 4657 1477 4707; x_wconf 88' lang='lat' dir='ltr'>the</span> <span class='ocrx_word' id='word_1_221' title='bbox 1497 4656 1583 4707; x_wconf 86' lang='lat' dir='ltr'>rubrio</span> <span class='ocrx_word' id='word_1_222' title='bbox 1607 4656 1708 4721; x_wconf 80' lang='lat' dir='ltr'>applica</span> <span class='ocrx_word' id='word_1_223' title='bbox 1725 4655 1788 4719; x_wconf 85' lang='lat' dir='ltr'>only</span> <span class='ocrx_word' id='word_1_224' title='bbox 1807 4659 1835 4705; x_wconf 87' lang='lat' dir='ltr'>to</span> <span class='ocrx_word' id='word_1_225' title='bbox 1857 4655 1904 4704; x_wconf 81' lang='lat' dir='ltr'>the</span> 
     </span>
     <span class='ocr_line' id='line_1_26' title="bbox 604 4721 1414 4786; baseline 0.001 -16"><span class='ocrx_word' id='word_1_226' title='bbox 604 4736 662 4770; x_wconf 82' lang='lat' dir='ltr'>cunr</span> <span class='ocrx_word' id='word_1_227' title='bbox 685 4721 730 4782; x_wconf 87' lang='lat' dir='ltr'>xij.</span> <span class='ocrx_word' id='word_1_228' title='bbox 749 4721 918 4780; x_wconf 83' lang='lat' dir='ltr'>hominibus,’</span> <span class='ocrx_word' id='word_1_229' title='bbox 936 4723 964 4771; x_wconf 91' lang='lat' dir='ltr'>in</span> <span class='ocrx_word' id='word_1_230' title='bbox 983 4739 1054 4772; x_wconf 87' lang='lat' dir='ltr'>some</span> <span class='ocrx_word' id='word_1_231' title='bbox 1073 4737 1147 4772; x_wconf 87' lang='lat' dir='ltr'>cases</span> <span class='ocrx_word' id='word_1_232' title='bbox 1166 4723 1228 4786; x_wconf 82' lang='lat' dir='ltr'>bys</span> <span class='ocrx_word' id='word_1_233' title='bbox 1279 4724 1335 4773; x_wconf 86' lang='lat' dir='ltr'>first</span> <span class='ocrx_word' id='word_1_234' title='bbox 1348 4739 1414 4772; x_wconf 85' lang='lat' dir='ltr'>case.</span> 
     </span>
    </p>
   </div>
   <div class='ocr_carea' id='block_1_11' title="bbox 604 4786 1867 4853">
    <p class='ocr_par' dir='ltr' id='par_1_11' title="bbox 604 4786 1867 4853">
     <span class='ocr_line' id='line_1_27' title="bbox 604 4786 1867 4853; baseline -0.001 -16"><span class='ocrx_word' id='word_1_235' title='bbox 604 4786 687 4850; x_wconf 85' lang='lat' dir='ltr'>single</span> <span class='ocrx_word' id='word_1_236' title='bbox 699 4787 745 4838; x_wconf 86' lang='lat' dir='ltr'>vill</span> <span class='ocrx_word' id='word_1_237' title='bbox 759 4793 821 4850; x_wconf 88' lang='lat' dir='ltr'>‘que</span> <span class='ocrx_word' id='word_1_238' title='bbox 832 4789 970 4852; x_wconf 86' lang='lat' dir='ltr'>respondet</span> <span class='ocrx_word' id='word_1_239' title='bbox 982 4805 1028 4853; x_wconf 84' lang='lat' dir='ltr'>per</span> <span class='ocrx_word' id='word_1_240' title='bbox 1036 4789 1081 4852; x_wconf 84' lang='lat' dir='ltr'>xij.</span> <span class='ocrx_word' id='word_1_241' title='bbox 1091 4789 1228 4840; x_wconf 68' lang='lat' dir='ltr'>videlicet)</span> <span class='ocrx_word' id='word_1_242' title='bbox 1307 4791 1316 4820; x_wconf 85' lang='lat'><strong>⁴</strong></span> <span class='ocrx_word' id='word_1_243' title='bbox 1334 4790 1403 4840; x_wconf 83' lang='lat' dir='ltr'>Foor</span> <span class='ocrx_word' id='word_1_244' title='bbox 1415 4789 1540 4852; x_wconf 79' lang='lat' dir='ltr'>exigente,</span> <span class='ocrx_word' id='word_1_245' title='bbox 1553 4789 1605 4839; x_wconf 82' lang='lat' dir='ltr'>and</span> <span class='ocrx_word' id='word_1_246' title='bbox 1617 4788 1651 4838; x_wconf 89' lang='lat' dir='ltr'>he</span> <span class='ocrx_word' id='word_1_247' title='bbox 1663 4787 1708 4839; x_wconf 83' lang='lat' dir='ltr'>did</span> <span class='ocrx_word' id='word_1_248' title='bbox 1723 4789 1769 4839; x_wconf 83' lang='lat' dir='ltr'>not</span> <span class='ocrx_word' id='word_1_249' title='bbox 1781 4801 1867 4838; x_wconf 87' lang='lat' dir='ltr'>come.</span> 
     </span>
    </p>
   </div>
   <div class='ocr_carea' id='block_1_12' title="bbox 0 0 2189 5732">
    <p class='ocr_par' dir='ltr' id='par_1_12' title="bbox 0 0 2189 5732">
     <span class='ocr_line' id='line_1_28' title="bbox 0 0 2189 5732; baseline 0 0"><span class='ocrx_word' id='word_1_250' title='bbox 0 0 2189 5732; x_wconf 95' lang='lat' dir='ltr'> </span> 
     </span>
    </p>
   </div>
  </div>
 </body>
</html>
