4326 5722
608 501 654 574 17
1072 515 1280 571 conounae’
1305 515 1435 578 nonne

432 701 478 742 nsi
505 711 535 742 -a
607 687 765 754 botellum
781 686 966 772 apreciatur
982 687 1023 754 ad
1039 685 1094 772 xij.
1110 686 1142 752 d.
1158 691 1191 754 et
1206 687 1296 754 aliud
1312 687 1471 754 batallum
1483 685 1490 723 ¹
1503 683 1690 770 apreoiatur
1702 685 1745 752 ad
1760 684 1807 770 iij.
1824 703 1851 752 s.
1869 687 1901 752 et

606 793 789 858 liberantur
805 793 917 858 villate
930 797 941 833 ²
956 794 996 858 de
1011 793 1131 859 Etone.

674 999 793 1066 ³Anno
807 1000 901 1084 regni
923 999 1009 1084 regis
1032 999 1169 1066 Henrici
1191 1001 1250 1065 l⁰v⁰
1265 999 1402 1083 contigit
1426 999 1461 1074 in
1486 997 1642 1083 parochia
1662 997 1703 1065 de
1722 997 1902 1064 Mideltone

608 1104 660 1170 dis
672 1104 807 1172 Sabati⁴
824 1105 914 1187 prox'
931 1109 1009 1170 ante
1026 1105 1147 1170 festum
1162 1105 1196 1171 S.
1213 1105 1400 1188 Margarete
1410 1103 1533 1170 scilicet
1549 1103 1637 1187 apud
1647 1103 1858 1186 laErmitage
1868 1105 1902 1168 et

608 1210 779 1293 grangiam
794 1209 913 1292 prioris
930 1209 969 1275 de
985 1209 1187 1275 Geudewelle
1202 1209 1288 1292 quod
1312 1257 1320 1274 .
1345 1257 1355 1274 .
1379 1255 1388 1274 .

678 1312 857 1396 Inquieioio
870 1315 957 1380 lacta
973 1334 1083 1379 coram
1098 1316 1313 1380 coronators⁵
1328 1323 1387 1397 per
1397 1312 1455 1396 iiij.
1464 1311 1531 1378 vill’
1548 1310 1797 1396 propinquiores
1812 1310 1900 1377 vide·

608 1417 684 1482 licet
714 1417 902 1497 Mideltone,
933 1419 1047 1497 Hocle,
1070 1418 1170 1502 Lege,
1198 1418 1442 1496 Reveneedene,
1470 1438 1533 1501 que
1558 1416 1673 1482 dicunt
1702 1437 1761 1500 per
1792 1437 1900 1482 sacra-

608 1524 760 1587 mentum
787 1545 884 1589 suum
911 1523 998 1608 quod
1027 1522 1131 1588 nichil
1154 1524 1238 1591 aliut
1264 1521 1374 1589 sciunt
1404 1543 1464 1588 nec
1486 1521 1633 1608 inquiri⁶
1655 1524 1812 1608 poterunt
1834 1519 1901 1586 nisi

608 1624 829 1694 infortunium
846 1630 883 1695 ut
897 1627 1082 1712 predictum
1098 1630 1160 1694 est.

676 2483 772 2552 Anno
787 2483 880 2568 regni
895 2483 980 2568 regis
997 2481 1133 2550 Henrici
1148 2482 1207 2550 filii
1218 2484 1305 2570 regie
1321 2483 1485 2552 iohannis
1499 2485 1570 2552 l⁰v¹⁰
1585 2482 1723 2569 contigit
1738 2481 1790 2550 dis
1805 2483 1900 2549 Luna

609 2589 700 2674 prox’
717 2593 795 2654 ante
810 2590 931 2655 lectum
947 2590 1177 2673 Apostolorum
1202 2589 1344 2656 Simonis
1367 2594 1400 2656 et
1423 2591 1443 2656 J
1447 2592 1509 2656 ude
1532 2589 1620 2675 apud
1635 2589 1901 2674 Wybaudestone

610 2695 646 2760 iu
668 2695 824 2778 parochio
849 2695 887 2760 de
911 2690 1021 2760 Etone
1048 2694 1134 2760 circa
1157 2695 1275 2761 horam
1304 2695 1523 2762 meridianam
1550 2695 1585 2760 in
1610 2695 1712 2779 regali
1736 2693 1791 2760 via
1813 2692 1901 2758 inter

610 2799 737 2864 curiam
769 2799 918 2866 Oseberti
941 2799 981 2864 de
1003 2796 1173 2866 Bathon'⁷
1199 2803 1232 2866 et
1262 2802 1405 2867 croltum
1435 2799 1600 2866 Johannie
1623 2799 1790 2883 Rungeler
1815 2797 1902 2881 quod

610 2902 788 2970 Osebertus
803 2904 843 2969 ds
865 2905 915 2970 Ba
939 2903 1015 2969 lecit
1038 2925 1140 2969 unam
1163 2904 1404 2970 districcionem
1427 2925 1525 2991 super
1544 2904 1723 2971 Ricardum
1746 2903 1786 2968 de
1811 2903 1903 2970 Cole-

610 3011 705 3073 stone
734 3029 792 3092 per
821 3027 924 3073 unam
948 3029 1082 3074 vaccam
1112 3007 1281 3075 hominem
1305 3009 1377 3076 Ade
1401 3010 1441 3075 de
1471 3011 1662 3096 Bassemey.
1718 3005 1765 3075 Et
1795 3008 1902 3074 dictus

608 3111 716 3179 Adam
732 3111 904 3178 mandavit
915 3113 1098 3179 Walterum
1113 3112 1153 3178 de
1168 3113 1388 3180 Hokewoldet
1400 3114 1601 3180 Willelmum
1612 3115 1739 3183 Gokum
1751 3113 1902 3179 homines

610 3237 688 3282 suos
703 3237 779 3282 cum
789 3215 942 3282 iohanne
954 3216 1073 3282 'Phaon
1083 3218 1095 3254 ⁸
1106 3217 1226 3284 ballivo
1238 3217 1363 3284 domini
1378 3218 1464 3302 regis
1473 3219 1516 3286 ad
1527 3219 1650 3286 dictam
1660 3217 1902 3286 districcionem

610 3321 867 3398 deliberandam,
884 3322 931 3387 ita
946 3321 1033 3405 quod
1048 3325 1211 3388 venerunt
1235 3325 1305 3390 loco
1329 3324 1475 3408 predicto
1490 3327 1523 3390 et
1538 3323 1753 3392 obviaverunt
1777 3322 1903 3389 Thomu

614 3425 706 3493 Snou
732 3425 772 3490 de
802 3425 962 3491 comitatu
994 3427 1170 3493 Somereet’
1203 3427 1425 3494 seruientem⁹
1456 3431 1489 3495 et
1518 3432 1757 3514 manupastum
1769 3428 1794 3466 ¹⁰
1823 3425 1901 3492 dict'

613 3529 762 3596 Oseberti
772 3529 812 3596 de
821 3530 941 3596 Baton’
954 3529 1034 3596 dum
1044 3531 1131 3596 idem
1142 3531 1319 3598 Osebertus
1332 3531 1395 3599 fuit
1406 3533 1447 3600 ad
1459 3553 1612 3599 caracam
1623 3554 1719 3598 suam
1730 3533 1766 3598 in
1778 3531 1903 3615 campis

613 3635 653 3700 ds
668 3635 943 3719 Wybaudsstone,
955 3635 1004 3700 ita
1020 3635 1106 3718 quod
1122 3636 1229 3704 dictus
1244 3635 1410 3706 Walterus
1425 3639 1553 3722 rogavit
1565 3637 1652 3704 dicto
1663 3639 1787 3703 Thome
1802 3636 1901 3702 cum¹¹

613 3761 678 3824 quo
708 3742 779 3805 erat
803 3742 836 3805 et
859 3739 1021 3823 percussit
1048 3761 1125 3805 eum
1151 3762 1270 3825 perum
1295 3763 1371 3808 cum
1396 3763 1463 3808 uno
1487 3742 1603 3806 baculo
1627 3763 1725 3826 super
1750 3762 1902 3807 umorum

613 3845 796 3910 sinistrum.
842 3843 889 3908 Et
911 3848 991 3910 tuno
1018 3846 1208 3930 supervenit
1230 3847 1408 3914 Osebertus
1424 3847 1463 3912 de
1478 3847 1529 3912 Ba
1544 3849 1577 3912 et
1593 3847 1770 3912 Nicholaus
1786 3845 1826 3911 de
1841 3846 1903 3924 Ba,

613 3949 777 4016 Walterus
806 3948 906 4016 Smod
922 3951 961 4013 de
984 3951 1144 4016 comitatu
1169 3951 1356 4032 Somerset’,
1373 3957 1406 4018 st
1430 3952 1471 4017 lis
1495 3956 1569 4018 orta
1590 3951 1653 4017 fuit
1677 3951 1834 4017 intereos
1857 3950 1905 4015 ita

613 4055 699 4139 quod
729 4053 894 4140 Waltsrus
926 4053 1025 4120 Smod
1055 4057 1216 4139 percussit
1239 4056 1423 4125 Walterum
1454 4057 1494 4123 de
1523 4056 1702 4122 Holiewold
1731 4055 1767 4120 in
1797 4055 1905 4138 capite

613 4165 800 4227 extraverso
816 4157 983 4225 sumitatis
998 4160 1115 4244 capitis
1131 4182 1207 4226 cum
1224 4183 1292 4228 una
1306 4161 1428 4227 hachia
1442 4183 1505 4246 que
1520 4165 1656 4228 vocatur
1672 4163 1764 4246 spart
1780 4164 1813 4226 et
1828 4159 1905 4224 lecit

613 4266 656 4330 eii
671 4285 773 4331 unam
796 4265 929 4349 plagam
951 4264 1157 4348 longitndine
1180 4266 1224 4350 vj.
1240 4265 1407 4350 pellicium
1430 4271 1463 4333 et
1485 4266 1710 4351 profunditate
1734 4286 1838 4349 usque
1862 4265 1906 4330 ad

613 4371 782 4436 cerebrum
806 4391 864 4454 per
887 4369 1069 4434 medium¹¹
1090 4369 1137 4434 ita
1158 4371 1245 4454 quod
1268 4371 1403 4455 sanguis
1426 4373 1459 4437 et
1482 4371 1652 4439 cerebrum
1674 4370 1833 4446 exierunt,
1858 4369 1907 4434 ita

648 4594 655 4622 ¹
673 4589 789 4642 William
801 4589 868 4640 tried
879 4593 906 4640 to
918 4589 994 4640 catch
1006 4588 1069 4640 hold
1076 4589 1103 4639 ol
1115 4604 1163 4640 oua
1175 4589 1235 4641 boat
1318 4591 1328 4620 ⁸
1344 4605 1432 4640 coram
1448 4591 1481 4640 R.
1493 4589 1524 4641 da
1541 4589 1702 4640 Gmcdnaton'
1714 4591 1862 4640 armore
1873 4588 1905 4638 B.

614 4657 690 4709 while
699 4657 732 4707 ha
744 4673 795 4706 was
807 4657 835 4706 in
847 4656 965 4706 another.
1318 4658 1328 4686 ⁸
1346 4657 1398 4707 Sic.

647 4729 656 4754 ¹
673 4725 728 4774 MS.
742 4723 786 4773 ἥδ’
799 4723 865 4773 oill’.
900 4722 956 4772 The
967 4721 1095 4786 marginal
1106 4723 1140 4773 ω’
1150 4735 1234 4774 seems
1317 4724 1327 4751 ¹
1345 4723 1367 4772 la
1379 4722 1461 4772 Boin
1473 4721 1508 4773 all
1520 4722 1565 4774 the
1576 4737 1698 4786 passages
1709 4721 1737 4772 iu
1753 4721 1838 4772 which
1849 4721 1905 4770 thia

614 4795 729 4841 tomeun
740 4787 942 4840 aremoroatdam.
1284 4800 1361 4839 name
1373 4804 1462 4839 occurs
1474 4789 1501 4838 in
1513 4791 1544 4839 B.

647 4859 656 4886 ¹
674 4856 738 4905 This
749 4856 801 4906 and
817 4855 862 4905 the
880 4855 1011 4918 following
1031 4857 1081 4904 live
1099 4870 1172 4906 cases
1189 4871 1233 4906 are
1316 4857 1327 4885 ⁸
1345 4855 1454 4906 achaea
1466 4857 1495 4906 Β.
1529 4855 1604 4908 ’διὀ.
1639 4856 1658 4886 ¹⁰
1671 4854 1724 4906 sa.
1764 4855 1780 4884 ¹¹
1794 4854 1829 4904 Or
1841 4856 1906 4905 cam.

614 4921 670 4973 also
681 4922 709 4971 in
720 4923 750 4982 Β,
762 4937 840 4971 mem.
852 4924 909 4971 2-3.
1037 4924 1046 4950 ¹
1065 4921 1118 4974 Sic.
1319 4923 1337 4952 ¹²
1355 4923 1410 4972 MS.
1422 4922 1503 4981 mcd’;
1521 4921 1662 4987 Bhasper
1672 4921 1738 4972 Μ’
1752 4921 1805 4972 laos.
