4364 5736
557 445 604 519 88
1024 463 1233 521 coronans
1257 465 1388 522 coms.
1527 468 1532 484 ’

556 633 661 700 Oxon’
677 635 710 700 st
725 631 843 719 habuit
858 653 961 700 unam
976 633 1110 719 plagam
1126 635 1187 701 sub
1203 635 1353 704 mamilla
1364 635 1503 704 sinistra
1513 658 1589 704 cum
1599 639 1743 723 quodam
1758 639 1858 723 longo

555 740 688 805 cultello
703 739 798 805 valde
812 738 1023 822 profundam.
1061 739 1242 823 inquisioio
1257 741 1335 807 inde
1350 743 1449 826 capta
1464 742 1529 807 luit
1545 743 1660 808 eodem
1676 744 1729 808 die
1745 765 1856 809 coram

554 845 748 910 coronatore
763 842 909 927 predicto
924 864 983 928 per
999 845 1140 927 quatuor
1155 845 1330 928 parochias
1339 845 1590 930 propinquiores
1602 847 1725 913 scilicet
1743 848 1858 914 Sancti

555 947 648 1013 Petri
671 947 862 1024 orientalis,
888 947 993 1013 Beate
1013 947 1119 1014 Maris
1139 947 1296 1032 virginio,
1319 949 1441 1016 Sancte
1464 949 1619 1015 Mildride
1641 953 1675 1016 et
1698 951 1856 1016 Omnium

400 1057 420 1097 ¹⁰
463 1058 470 1079 ¹
556 1045 768 1120 Sanctorum.
814 1051 860 1116 Et
876 1072 992 1116 omncs
1004 1051 1070 1136 jur'
1087 1053 1123 1117 in
1139 1052 1229 1119 dicta
1250 1053 1468 1137 inquisicione
1491 1054 1607 1121 dicunt
1629 1075 1728 1139 super
1746 1076 1854 1122 sacra·

554 1159 706 1223 mentum
723 1165 822 1222 suum
837 1156 924 1239 quod
947 1156 1000 1221 die
1022 1156 1199 1223 Dominica
1221 1160 1312 1242 prox’
1336 1161 1411 1242 post
1434 1159 1558 1224 festum
1575 1159 1691 1228 Sancti
1705 1160 1855 1226 Nicholai

554 1281 643 1328 anno
673 1261 821 1348 predicto
851 1259 1020 1345 prediatus
1050 1261 1159 1328 David
1188 1261 1275 1328 circa
1305 1263 1424 1329 horam
1454 1263 1605 1348 ignitegii
1627 1263 1720 1330 duxit
1743 1285 1855 1330 secum

553 1365 723 1450 quandam
749 1365 957 1430 meretricem
981 1365 1116 1432 nomine
1141 1366 1367 1433 Christianam
1393 1367 1434 1434 de
1460 1369 1664 1453 Wyrecestre
1691 1367 1854 1452 usquein
1892 1385 1895 1391 “

554 1470 666 1537 vicum
682 1469 738 1554 qui
757 1470 879 1536 dicitur
895 1471 1092 1538 Scolestrete
1114 1473 1148 1537 et
1170 1471 1309 1538 intravit
1331 1471 1367 1537 in
1390 1493 1493 1538 unam
1517 1474 1693 1539 scolarum.
1738 1473 1785 1538 Et
1807 1473 1854 1538 ibi

414 1631 417 1634 .
554 1579 816 1660 supervenerunt
841 1575 978 1660 quidam
1005 1575 1063 1642 alii
1092 1577 1203 1642 clerici
1228 1598 1369 1662 quorum
1400 1578 1538 1645 nomina
1567 1578 1765 1663 ignorantur
1796 1577 1854 1662 qui

553 1680 799 1747 insidiabantur
823 1681 970 1766 predicto
994 1681 1102 1748 David
1120 1685 1156 1748 et
1174 1681 1338 1748 insultum
1359 1683 1508 1750 iecerunt
1531 1683 1567 1748 in
1589 1704 1667 1749 eum
1690 1686 1724 1749 et
1748 1682 1794 1749 sic
1817 1684 1853 1750 iu

472 1840 474 1846 .
553 1785 683 1852 insultu
697 1786 753 1852 illo
768 1787 962 1853 vulneratus
986 1785 1049 1852 luit
1071 1807 1129 1870 per
1152 1786 1239 1871 quod
1262 1785 1344 1852 obiit
1367 1787 1420 1853 die
1445 1787 1582 1856 Sabbati
1604 1788 1804 1872 supradicto,
1819 1790 1853 1853 et

553 1889 602 1958 sic
616 1890 697 1958 vixit
712 1911 771 1975 per
786 1891 842 1976 xij.
857 1891 927 1957 dies
943 1894 976 1958 et
991 1891 1110 1958 habuit
1126 1891 1240 1957 omnia
1251 1891 1330 1975 jura
1341 1893 1572 1960 ecclesiastica.
1618 1893 1664 1958 Et
1680 1914 1853 1978 nunquam

553 1995 670 2080 postea
684 1994 794 2079 potuit
810 1994 934 2080 inquiri
950 1983 1104 2080 quisunt
1117 1995 1299 2080 culpabiles
1314 1997 1355 2064 de
1370 1999 1476 2064 morte
1491 1997 1588 2082 ejus.-

619 2195 768 2281 Go'ntigit
793 2196 844 2264 die
868 2197 964 2262 hune
989 2198 1079 2281 prox'
1104 2201 1180 2282 post
1205 2199 1327 2266 festum
1350 2197 1598 2264 Purificacionis
1621 2199 1724 2264 Beate
1747 2197 1852 2264 Maris

412 2355 414 2362 .
552 2299 702 2386 Virginis
718 2322 807 2367 anno
829 2301 923 2384 regni
943 2301 1028 2384 regis
1051 2301 1209 2368 Edwardi
1231 2305 1316 2367 xxv⁸⁰
1338 2303 1424 2386 quod
1448 2302 1619 2368 Johannes
1642 2301 1851 2385 Metescharp

552 2405 636 2470 obiit
660 2426 759 2472 mans
783 2405 818 2469 in
839 2405 937 2471 domo
960 2405 1129 2490 Radulphi
1148 2408 1179 2472 le
1200 2406 1342 2491 Gyrgien
1365 2407 1400 2472 in
1423 2405 1580 2491 parochia
1604 2405 1720 2474 Sancti
1740 2404 1853 2470 Aldati

553 2509 657 2576 Oxon’
674 2512 706 2576 et
723 2509 837 2576 statim
852 2509 943 2576 visus
962 2510 1025 2575 fuit
1041 2532 1099 2594 per
1114 2511 1221 2577 Adam
1236 2511 1277 2576 de
1295 2511 1474 2595 Spaldinge
1497 2514 1726 2576 coronatorem
1749 2510 1851 2576 Oxon'

552 2617 588 2680 et
602 2613 721 2680 habuit
735 2635 839 2680 unam
854 2614 987 2697 plagam
1003 2615 1039 2678 in
1055 2615 1157 2681 latere
1173 2614 1309 2681 sinistro
1324 2636 1400 2680 curn
1417 2614 1561 2698 quadam
1577 2614 1710 2679 minuta
1731 2613 1853 2696 sagitta

551 2718 649 2802 cujus
679 2720 775 2804 plage
804 2719 946 2785 latitudo
976 2723 1048 2785 erat
1079 2719 1209 2785 dimidii
1238 2719 1366 2804 pollicis
1396 2722 1429 2785 et
1460 2719 1670 2803 profunditas
1695 2721 1768 2784 erat
1798 2739 1853 2783 sex

552 2823 732 2909 pollicium.
777 2823 957 2907 inquisicio
976 2824 1053 2890 inde
1067 2827 1167 2908 capta
1188 2825 1253 2890 ruit
1275 2845 1387 2890 coram
1408 2827 1602 2911 coronatore
1625 2823 1772 2908 predicto
1794 2844 1853 2906 per

551 2930 696 3012 quatuor
710 2929 885 3012 parochias
907 2927 1158 3012 propinquiores
1180 2929 1304 2994 scilicet
1328 2928 1443 2996 Sancti
1465 2927 1587 3005 Aldati‚
1611 2927 1731 2995 Sancte
1746 2927 1851 3005 Ebbe',

541 3033 670 3100 Sancti
700 3033 791 3100 Petri
820 3035 856 3098 in
879 3034 986 3100 Ballio
1016 3036 1050 3100 et
1082 3021 1198 3102 Sancti
1227 3033 1377 3100 Martini.
1421 3033 1468 3099 Et
1498 3053 1614 3098 ornnes
1640 3032 1707 3116 jur'
1734 3033 1771 3096 in
1794 3031 1852 3097 illa

550 3134 770 3222 inquisicione
793 3138 909 3203 dicunt
936 3159 1034 3222 super
1059 3141 1306 3206 sacramentum
1332 3157 1431 3204 suum
1458 3137 1546 3221 quod
1569 3137 1623 3202 die
1651 3133 1789 3202 Sabbati
1815 3135 1851 3198 in

553 3243 637 3308 festo
661 3241 911 3314 Purificacionis
937 3243 1040 3308 Beate
1067 3243 1174 3310 Maria
1203 3245 1293 3328 prox’
1319 3241 1513 3326 precedente
1544 3262 1633 3307 anno
1662 3239 1851 3323 supradicto

552 3345 696 3412 Michaal
711 3346 916 3431 mancipium
935 3347 974 3411 de
990 3345 1168 3426 Bolehalle‚
1193 3347 1214 3413 J
1215 3347 1364 3412 ohannes
1387 3346 1428 3411 de
1453 3347 1550 3413 Skorl
1564 3344 1712 3422 clericus,
1728 3343 1850 3412 Willel-

450 3427 464 3465 ρ
552 3471 628 3516 mus
658 3451 790 3532 Michel,
816 3451 1007 3535 Stephanus
1028 3451 1070 3517 de
1093 3450 1300 3536 Dyryghleld
1323 3451 1526 3536 mancipium
1548 3453 1583 3516 et
1606 3450 1788 3516 Maddocus
1811 3449 1851 3516 de

551 3556 645 3622 Belle
676 3555 813 3622 clericus
843 3555 978 3622 luerunt
1008 3555 1044 3620 in
1069 3556 1140 3622 vico
1161 3557 1259 3640 juxta
1285 3555 1455 3623 ecclesiam
1482 3553 1598 3622 Sancti
1626 3553 1740 3621 Aldati
1764 3555 1851 3621 circa

550 3662 669 3728 horam
684 3660 835 3746 ignitegii
850 3664 883 3727 et
898 3661 1143 3728 insultaverunt
1158 3682 1274 3728 omnes
1290 3664 1501 3728 transeuntes
1523 3681 1582 3745 per
1602 3681 1660 3727 eos
1682 3681 1740 3745 per
1763 3661 1850 3744 quod

549 3766 721 3833 hutesium
743 3767 891 3834 levatum
914 3751 989 3833 luit.
1034 3767 1081 3832 Et
1105 3766 1274 3851 predictus
1299 3765 1470 3833 lohannes
1497 3765 1707 3850 Metescharp
1731 3769 1765 3831 et
1792 3765 1850 3831 alii

550 3871 723 3954 audientes
753 3870 924 3936 hutssium
950 3869 1100 3937 exierunt
1124 3891 1185 3956 pro
1215 3890 1295 3955 pace
1322 3870 1449 3936 domini
1469 3867 1558 3953 regis
1580 3869 1786 3935 observanda
1816 3871 1849 3935 et

550 3977 586 4042 in
608 3976 757 4062 proximo
780 3975 927 4042 adventu
951 3996 1066 4042 sorum
1089 3977 1257 4062 predictus
1283 3976 1427 4042 Michaal
1450 3975 1655 4059 mancipium
1679 3975 1849 4058 sagittavit

549 4081 677 4147 dictum
691 4080 883 4146 Johannem
906 4080 1116 4165 Metescharp
1138 4080 1175 4146 in
1197 4081 1299 4146 latere
1323 4083 1356 4146 et
1379 4080 1455 4146 fecit
1471 4080 1501 4146 ei
1516 4080 1700 4164 predictam
1715 4079 1849 4164 plagam

549 4184 639 4249 unde
662 4183 743 4250 obiit
766 4183 818 4249 die
840 4183 938 4250 Lune
959 4183 1118 4268 predicto,
1142 4186 1192 4250 set
1215 4183 1295 4250 vixit
1318 4205 1376 4268 per
1399 4205 1505 4250 unum
1521 4184 1609 4248 diem
1628 4186 1661 4249 et
1684 4204 1742 4268 per
1766 4185 1850 4250 duas

550 4293 663 4355 noctes
685 4291 720 4356 et
743 4287 862 4355 habuit
888 4289 1003 4355 omnia
1023 4289 1101 4374 jura
1125 4287 1355 4355 ecclesiastica.
1408 4289 1455 4356 Et
1479 4287 1619 4373 predicti
1643 4289 1786 4356 Michaal
1816 4291 1850 4355 ct

548 4395 721 4460 lohannes
737 4395 777 4460 de
793 4394 894 4462 Skorf
907 4393 1023 4460 statim
1039 4395 1195 4478 fugerunt
1211 4393 1259 4461 ita
1276 4395 1362 4478 quod
1378 4393 1555 4460 attachiari
1578 4415 1646 4459 non
1669 4395 1850 4478 potuerunt

547 4521 610 4565 nec
640 4499 782 4566 inveniri
810 4499 854 4566 ad
885 4499 1139 4566 attachiandum
1168 4521 1229 4568 nec
1260 4500 1384 4584 aliquid
1415 4500 1573 4566 debonis
1603 4520 1718 4566 corum
1741 4500 1849 4584 potuit

548 4603 703 4683 inveniri,
734 4607 784 4670 set
814 4603 954 4689 predicti
983 4605 1167 4674 Willelmus
1203 4605 1337 4684 nichel,
1371 4606 1559 4689 Stephanus
1597 4608 1630 4671 et
1667 4605 1849 4672 Maddocus
1933 4671 1934 4676 ,

548 4709 726 4778 attachiati
741 4711 876 4778 fuerunt
899 4714 932 4778 et
955 4710 1175 4796 imprisonati.
1221 4713 1267 4778 Et
1291 4711 1343 4778 die
1366 4710 1503 4778 Sabbati
1525 4715 1614 4796 prox’
1631 4713 1707 4796 post
1727 4710 1849 4776 festum

616 4852 624 4881 ¹
642 4849 708 4903 This
720 4849 846 4916 probably
857 4865 950 4903 means
962 4850 1021 4903 that
1032 4851 1143 4917 nothing
1155 4843 1231 4904 could
1243 4851 1273 4904 be
1284 4849 1446 4904 ascertained
1458 4851 1614 4914 concerning
1626 4851 1670 4902 the
1682 4852 1774 4902 lelons.
