4302 5734
544 572 615 642 131
1011 589 1217 646 coaonsas’
1242 591 1372 645 sonas,

609 757 702 823 Idem
718 759 862 844 appellat
877 781 1019 846 parvum
1034 759 1137 827 Jaeke
1151 765 1344 828 manentem
1363 758 1452 844 apud
1467 759 1577 838 Ware,
1601 780 1743 844 parvum
1759 761 1844 828 0116-

543 861 611 946 kyn
627 863 793 946 chapman
814 867 847 930 61
870 865 1055 932 Walterum
1083 863 1123 930 de
1147 864 1331 930 Oockefeud
1357 864 1524 948 ohapman
1545 867 1782 932 conversantes
1808 865 1845 929 in

543 966 642 1034 Ware
657 971 690 1032 et
706 969 885 1052 Hngonem
900 969 931 1035 le
946 969 1095 1035 Northen
1112 969 1153 1034 ds
1174 969 1297 1053 pannis
1312 969 1408 1034 lineis
1431 971 1465 1034 61
1487 968 1593 1033 1611616
1609 969 1730 1035 furatis
1753 969 1843 1053 apud

542 1069 749 1138 Wolindone
771 1073 807 1137 in
830 1073 992 1140 comitatu
1014 1074 1129 1138 Eesex’
1147 1074 1190 1139 ad
1213 1074 1335 1140 festum
1360 1072 1476 1142 Sancti
1497 1073 1672 1140 Michaelis
1687 1074 1840 1142 videlicet

542 1197 643 1255 anno,
660 1179 722 1242 616.
767 1178 814 1244 Et
831 1179 949 1244 habuit
964 1180 1095 1262 partem
1110 1199 1219 1258 suam,
1235 1181 1298 1246 616.

607 1411 669 1478 Die
687 1413 825 1480 Sabbati
840 1415 930 1498 prou¹
948 1416 1027 1480 ante
1043 1413 1166 1479 festum
1183 1412 1305 1480 Sancte
1320 1411 1481 1479 Katerine
1497 1433 1586 1479 anno
1602 1423 1658 1478 111ο
1673 1435 1785 1481 coram
1800 1415 1841 1480 R.

541 1516 581 1582 de
599 1516 769 1584 Sandwico
785 1520 818 1584 61
833 1519 873 1583 R.
886 1517 926 1584 de
938 1517 1084 1602 Basinge
1095 1514 1302 1602 justiciariis,
1318 1518 1379 1582 etc.
1395 1516 1487 1584 venit
1503 1516 1675 1583 iohannes
1687 1517 1727 1584 de
1738 1519 1841 1584 Berl-

540 1621 736 1706 hampstede
751 1625 785 1688 et
800 1622 953 1705 cognovit
976 1643 1011 1688 se
1034 1642 1106 1687 esse
1129 1621 1305 1698 latronem,
1327 1623 1391 1686 616.
1435 1621 1482 1686 Ε1
1507 1621 1653 1705 appellat
1679 1621 1842 1707 Sayerum

541 1725 581 1792 de
596 1725 747 1792 Kastone
757 1727 797 1792 de
807 1725 964 1793 societate
979 1725 1157 1792 abcisionis
1172 1725 1352 1792 bursarum
1368 1725 1404 1790 in
1420 1724 1581 1791 nundinis
1595 1725 1711 1792 Sancti
1725 1725 1843 1793 iacobi

540 1829 580 1896 de
595 1829 742 1914 Redinge
757 1851 846 1896 anno
862 1831 954 1916 xviij⁰
969 1830 1057 1896 unde
1073 1831 1192 1896 habuit
1208 1831 1250 1897 ad
1265 1833 1397 1916 partem
1414 1851 1510 1896 suam
1526 1851 1556 1896 v.
1574 1849 1600 1895 s.

605 1933 699 1999 Idem
729 1935 902 2000 iohannes
924 1935 1069 2020 appellat
1091 1933 1293 2000 Willelmum
1316 1935 1506 2019 Κ111666161
1532 1938 1565 2000 61
1588 1933 1777 2001 Johannem
1799 1934 1841 2002 de

540 2037 696 2104 Cranfeld
722 2038 819 2122 juxta
844 2039 990 2104 Bedford
1021 2039 1061 2105 de
1086 2039 1243 2106 societate
1273 2039 1447 2125 cujusdam
1477 2039 1605 2106 roberie
1634 2040 1721 2108 facts
1751 2041 1841 2125 apud

426 2165 432 2184 ·
539 2140 717 2208 Farndone
739 2141 775 2207 in
791 2143 953 2210 comitatu
974 2143 1075 2209 Bark’
1097 2142 1185 2209 inter
1201 2144 1366 2210 Pascham
1382 2148 1415 2211 et
1432 2145 1652 2211 Pentecosten
1668 2145 1841 2212 6111161111ο

539 2248 577 2312 ut
593 2245 633 2312 de
647 2245 769 2330 pannis
784 2245 882 2312 lineis
897 2249 930 2312 61
944 2247 1081 2314 laneos²
1096 2249 1129 2313 61
1154 2247 1229 2313 61116
1247 2247 1386 2316 diversis
1405 2247 1569 2334 jocalibus
1588 2249 1631 2314 ad
1653 2248 1839 2316 valenciam

540 2372 569 2415 1.
589 2371 616 2416 6.
633 2351 722 2418 unde
738 2351 857 2418 habuit
870 2351 912 2418 ad
927 2355 1058 2438 partem
1075 2373 1169 2418 suam
1185 2353 1220 2438 ij.
1238 2374 1264 2420 6.

781 2768 969 2837 Appellum
979 2769 1148 2826 willelmi
1163 2769 1207 2826 (16
1224 2769 1346 2826 Insula
1362 2768 1567 2838 probatoria

604 2899 789 2968 Willelmus
799 2900 839 2966 de
854 2901 971 2968 Insula
987 2902 1026 2968 de
1042 2902 1203 2970 comitatu
1216 2901 1371 2970 Oantebr’
1388 2901 1480 2968 venit
1492 2922 1604 2968 coram
1619 2901 1659 2966 R.
1675 2900 1716 2968 de
1733 2901 1839 2970 Sand-

538 3024 626 3089 wyco
642 3008 675 3070 et
686 3004 727 3069 R.
744 3003 847 3069 Melet
855 3003 1052 3088 justiciariis
1064 3005 1287 3091 dominiregis
1303 3006 1356 3072 die
1370 3005 1508 3074 Sabbati
1523 3007 1614 3090 prox'
1627 3009 1701 3090 post
1714 3006 1838 3072 testum

539 3107 653 3176 Sancti
667 3107 798 3173 Andree
813 3108 963 3193 Apostoli
985 3130 1074 3176 anno
1096 3111 1191 3193 regni
1213 3110 1300 3194 regis
1322 3111 1479 3177 Edwardi
1493 3120 1571 3176 rurmo
1585 3113 1619 3177 61
1634 3110 1786 3194 cognovit
1802 3131 1838 3176 se

536 3232 608 3278 esse
622 3211 786 3277 latronam
803 3215 836 3278 et
863 3233 897 3278 se
919 3213 1020 3280 fuisse
1035 3213 1078 3280 ad
1103 3215 1282 3298 qnamdam
1298 3216 1462 3282 roboriam
1487 3217 1610 3282 iactam
1625 3236 1726 3300 super
1748 3215 1836 3284 Wal-

537 3318 647 3382 terum
663 3315 703 3380 de
720 3315 903 3382 Codestone
930 3317 966 3381 in
991 3317 1150 3401 parochia
1166 3317 1207 3384 de
1232 3318 1451 3386 Weckensted
1470 3319 1523 3384 die
1538 3319 1741 3404 Luneuprox’
1757 3321 1838 3384 ante

536 3419 659 3485 festum
677 3419 792 3488 Sancti
806 3419 980 3486 Edmundi
993 3420 1093 3506 Regis
1107 3424 1199 3506 prox'
1215 3421 1413 3507 preteritum
1428 3425 1467 3490 ut
1491 3423 1532 3489 de
1555 3422 1676 3507 pannis
1691 3422 1788 3488 lineis
1803 3425 1838 3488 61

534 3523 652 3604 laneis,
668 3523 772 3607 equis,
786 3523 949 3608 jocalibus
965 3529 998 3590 et
1023 3525 1098 3591 aliis
1122 3525 1218 3592 bonis
1233 3528 1267 3592 61
1291 3527 1420 3593 catallis
1436 3527 1524 3594 unde
1544 3547 1604 3611 pro
1619 3529 1715 3610 parte
1730 3547 1792 3592 sua
1810 3525 1837 3610 j.

535 3649 695 3708 maroam,
712 3631 774 3694 eto.
818 3627 866 3694 Et
881 3628 1014 3695 devenit
1028 3630 1184 3714 probator
1194 3633 1227 3697 61
1239 3631 1383 3715 appellat
1395 3631 1558 3696 Thomam
1570 3628 1610 3696 de
1624 3629 1836 3709 Alderbecke,

535 3733 761 3799 Alexandrum
783 3732 891 3798 filium
913 3734 1012 3799 Alani
1035 3735 1190 3819 Matsrey,
1211 3735 1392 3801 Ricardum
1410 3736 1440 3802 le
1463 3735 1580 3801 Bonde
1602 3737 1635 3801 61
1657 3735 1836 3819 quemdam

536 3839 625 3906 Petit
655 3837 728 3904 Jak’
760 3841 1012 3905 conversantem
1043 3839 1132 3924 apud
1156 3839 1355 3924 Edelbrigge
1379 3839 1415 3905 in
1439 3839 1601 3906 comitatu
1623 3839 1751 3906 Kencie
1773 3839 1836 3906 ³de

537 3943 717 4010 societate³
733 3945 766 4010 61
782 3943 823 4010 de
838 3943 968 4010 roberia
983 3944 1025 4010 ad
1041 3943 1177 4010 domum
1192 3944 1333 4030 predicti
1347 3943 1485 4014 Walteri
1500 3945 1541 4011 de
1557 3945 1775 4013 Goddestone.

734 4329 740 4358 ¹
760 4327 888 4392 Killegore
902 4329 935 4395 (1)
1135 4331 1145 4360 ²
1161 4329 1215 4382 Sic.
1420 4333 1455 4362 ¹·⁸
1471 4330 1528 4382 MS.
1540 4334 1565 4383 61
1575 4333 1635 4382 ooc’.
