4326 5722
577 547 623 622 13
1050 563 1259 622 conannas·
1284 565 1415 624 nome

579 735 702 804 Sauser
717 733 825 819 primo
840 732 988 802 invenit¹
1004 737 1039 802 et
1053 735 1182 804 invemt
1192 735 1317 822 plegios
1330 735 1500 806 Simonem
1518 735 1617 821 sprot
1632 738 1665 803 et
1681 734 1878 805 Nicholanm

577 840 689 907 Albrio
704 841 745 906 de
759 839 919 908 Wildene.

645 943 824 1028 Inquisicio
840 945 928 1012 tacta
950 965 1062 1012 coram
1089 945 1123 1014 S.
1148 947 1246 1013 Rullo
1272 951 1465 1014 coronatore
1482 967 1541 1032 per
1564 945 1625 1032 iiij.
1652 945 1719 1012 vill'
1744 944 1880 1032 propin-

579 1048 721 1132 quiores,
745 1049 904 1126 wildene,
927 1050 1087 1130 Ronhale,
1110 1051 1357 1131 Ravenesdene,
1382 1052 1572 1119 Colmorthe
1594 1055 1628 1118 et
1653 1051 1878 1131 Bellenhurst,

579 1174 644 1236 que
670 1152 786 1220 dicunt
812 1153 900 1238 quod
923 1153 1026 1219 nichil
1053 1154 1164 1220 sciunt
1187 1155 1255 1221 nisi
1282 1160 1320 1222 nt
1346 1155 1533 1240 predictum
1556 1159 1618 1222 est.
1663 1155 1827 1222 Ricardus
1849 1155 1881 1223 le

581 1257 697 1324 Nereis
732 1258 861 1343 primus
890 1259 1019 1326 vicinus
1045 1259 1174 1328 invenit
1209 1261 1334 1345 plegios
1371 1261 1553 1327 Ricardum
1591 1260 1802 1345 Propositum
1839 1259 1880 1326 de

580 1361 730 1430 Wildene
754 1365 787 1429 et
803 1363 881 1430 Joce
897 1364 937 1430 de
962 1363 1090 1430 eadem.
1150 1365 1335 1432 Willelmns
1362 1365 1662 1450 Attechurchegats
1686 1365 1721 1449 ij.
1752 1364 1881 1431 invenit

580 1465 705 1550 plegios
730 1467 919 1533 Johannem
946 1467 976 1534 le
991 1467 1168 1535 Bothelere
1189 1473 1224 1535 et
1247 1468 1437 1536 iohannem
1455 1467 1630 1536 Sourdival
1654 1469 1694 1535 de
1717 1468 1880 1536 Wildene.

580 1569 802 1654 Englecheria
817 1575 1008 1655 presentata
1030 1593 1089 1656 per
1111 1573 1332 1658 Regimldum
1355 1574 1386 1640 16
1408 1573 1506 1658 Wyte
1523 1575 1711 1640 awnculum
1726 1593 1765 1639 ex
1787 1575 1882 1657 parte

475 1706 481 1716 ·
581 1675 687 1758 patris
714 1679 747 1744 et
771 1675 952 1743 Ricardum
976 1677 1083 1744 filium
1107 1677 1228 1762 Rogeri
1251 1678 1292 1746 de
1321 1677 1472 1748 Wildene
1495 1681 1699 1763 congustum
1725 1679 1882 1763 exparte

581 1779 710 1846 matris.

649 2009 797 2094 contigit
812 2009 848 2076 in
863 2010 1015 2078 libertate
1038 2009 1078 2077 de
1100 2009 1211 2077 Etone
1233 2010 1287 2076 die
1302 2008 1477 2078 Dominica
1499 2009 1589 2096 pror'
1613 2011 1692 2078 ante
1709 2009 1832 2077 festum
1849 2009 1883 2078 S.

584 2113 751 2182 lobannis
766 2120 846 2182 ante
861 2115 997 2182 Portam
1012 2113 1172 2182 Latinam
1187 2135 1276 2181 anno
1291 2115 1378 2200 l⁰iij⁰.
1403 2163 1412 2181 .
1437 2162 1447 2180 .
1472 2163 1481 2182 .

651 2219 832 2302 Inquisicio
848 2221 936 2286 iacta
951 2240 1063 2286 coram
1082 2219 1117 2287 Β.
1133 2219 1231 2286 Ruffo
1246 2223 1440 2286 coronatore
1456 2240 1515 2304 per
1530 2219 1590 2303 iiij.
1607 2219 1674 2285 vill’
1691 2218 1884 2304 propinqui·

585 2342 669 2403 ores,
685 2323 807 2402 Etone,
824 2323 1024 2402 Colmorthe,
1037 2323 1197 2402 wildene,
1208 2323 1477 2402 Wibaudestone,
1491 2323 1676 2408 Stapolho,²
1691 2345 1755 2408 qne
1769 2323 1886 2390 dicunt

585 2430 624 2494 ut
647 2429 834 2513 predictum
858 2433 920 2497 est.
964 2429 1012 2496 Et
1036 2428 1153 2494 dicunt
1179 2428 1267 2513 quod
1296 2428 1459 2496 Ricardus
1488 2429 1593 2494 nulla'
1611 2429 1730 2495 habuit
1752 2429 1884 2494 catalla.

585 2531 633 2598 Et
663 2536 857 2618 preceptum
882 2537 934 2600 est
960 2531 1048 2618 quod
1074 2533 1244 2617 predictus
1270 2533 1433 2600 Ricardus
1459 2533 1620 2616 capiatur.
1665 2533 1886 2617 Englccheria

586 2640 780 2722 presentata
809 2659 869 2722 per
893 2638 1080 2706 Walternm
1106 2637 1270 2704 Pistorem
1297 2637 1338 2704 de
1361 2636 1546 2703 Alboldesle
1576 2639 1707 2722 patrem
1730 2657 1830 2704 suum
1853 2639 1887 2703 et

587 2741 766 2826 Hugonem
781 2741 888 2810 filium
904 2741 1063 2812 cristiani
1077 2741 1265 2810 auunculum
1280 2761 1381 2808 suum
1396 2761 1435 2810 ex
1450 2744 1545 2826 parte
1560 2740 1690 2809 matris.

544 3552 571 3583 ns
660 3509 830 3596 ³Contigit
859 3509 895 3578 in
925 3509 1084 3598 parochia
1113 3509 1154 3577 de
1183 3507 1419 3578 Ravenesdene
1449 3507 1538 3595 apud
1569 3505 1803 3578 Sturteslowe⁴
1842 3507 1895 3575 die

594 3615 770 3686 Dominioa
785 3616 821 3682 in
837 3617 920 3684 festo
937 3617 971 3686 S.
988 3615 1083 3682 Fidei
1097 3615 1244 3699 Virginis
1267 3614 1354 3682 circa
1374 3615 1493 3681 horam
1508 3634 1634 3680 nonem
1649 3633 1738 3679 anno
1752 3613 1778 3677 l⁰
1793 3611 1896 3678 tercio

595 3723 683 3808 quod
705 3721 877 3788 lohannes
899 3721 988 3786 filius
1011 3719 1185 3803 Reginaldi
1208 3718 1372 3803 Prepesiti
1394 3719 1435 3784 de
1452 3718 1665 3787 Sturteslowe
1680 3717 1792 3783 intans
1807 3719 1896 3783 etate

596 3825 698 3893 nnius
722 3825 804 3892 anni
830 3829 862 3891 et
890 3823 1028 3890 dimidi⁶
1052 3822 1195 3908 perrexit
1222 3827 1316 3889 extra
1341 3823 1485 3908 januam
1515 3821 1596 3888 dicti
1618 3820 1794 3905 Reginaldi
1816 3820 1896 3886 dum

596 3930 732 4000 sedebat
748 3930 791 3997 ad
805 3929 1007 4014 prandium⁶
1029 3948 1139 4007 suum,
1155 3929 1189 3994 et
1205 3927 1322 3994 cecidit
1337 3927 1374 3993 in
1397 3927 1542 4012 quodam
1558 3927 1683 3992 fossato
1698 3928 1731 3992 et
1747 3925 1896 3992 submer-

597 4035 642 4102 sit
667 4055 712 4102 se.
765 4033 871 4100 Alioia
893 4036 1001 4099 mater
1024 4053 1086 4099 sua
1108 4031 1250 4116 quesivit
1273 4031 1384 4116 ipsum
1408 4030 1532 4096 scilicet
1556 4029 1719 4096 infantem
1744 4050 1842 4096 suum
1856 4031 1899 4112 ¹et

596 4138 726 4206 invenit
749 4136 860 4224 ipsum
882 4138 1092 4205 submersum
1114 4139 1148 4204 et
1170 4135 1298 4202 invenit
1320 4135 1446 4221 plegios
1468 4135 1665 4202 Arlnoldum
1687 4133 1837 4218 Argent⁷
1858 4133 1898 4198 de

598 4243 834 4313 Ravenesdene
849 4246 883 4309 et
898 4242 1088 4309 iohannem
1103 4241 1179 4306 Yun
1195 4239 1235 4306 de
1251 4239 1378 4306 eedem.

666 4347 846 4432 inquisioio
862 4347 951 4414 facta
972 4366 1084 4412 coram
1102 4344 1134 4412 S.
1150 4343 1273 4411 Βιιιιο8
1297 4345 1490 4410 coronatore
1512 4363 1571 4428 per
1594 4341 1654 4428 irij.
1677 4341 1743 4410 vill’
1765 4340 1901 4427 propin-

600 4451 744 4539 quiores,
767 4452 929 4530 Ronhale,
953 4449 1200 4528 Ravenesdene,
1224 4448 1386 4532 Wildene,
1418 4448 1664 4533 Goudingtone,
1691 4468 1755 4533 que
1786 4447 1901 4514 dicunt

602 4559 689 4626 siout
704 4556 891 4642 predictum
906 4559 956 4622 est
972 4559 1005 4623 et
1020 4554 1124 4621 nichil
1139 4553 1223 4620 aliut
1239 4553 1361 4620 sciunt.

637 4759 644 4788 ¹
663 4754 764 4820 Supply
775 4769 841 4806 moa
1311 4754 1320 4782 ⁴
1339 4751 1511 4803 Sturtclocwe
1522 4751 1553 4801 B.
1786 4753 1796 4780 ⁸
1814 4749 1868 4801 Sic.

636 4823 719 4874 ¹850.
1311 4821 1502 4868 'commestam
1512 4817 1543 4866 B.

637 4885 793 4938 'Thisand
812 4886 857 4936 the
875 4887 933 4936 tour
951 4884 1082 4949 tollowing
1098 4899 1172 4937 cases
1184 4899 1228 4936 are
1311 4884 1513 4948 'chrclplram
1523 4883 1619 4947 Orperrt
1629 4883 1661 4933 B.

602 4955 703 5008 inBoll
715 4957 730 5005 ι
743 4955 795 5020 (Β),
807 4967 885 5003 mem.
897 4955 920 5003 1.
1312 4951 1372 5001 ¹13.
1384 4949 1415 5002 dc
1427 4950 1591 5003 Goudtatonc
1602 4949 1632 5000 B.
