4302 5734
565 562 635 633 128
1031 579 1239 634 conannas
1263 579 1393 635 nonas.

561 749 726 816 Willelmo
742 748 775 832 ij.
790 747 896 816 discos
913 750 1043 832 argenti
1059 749 1101 815 ad
1113 749 1324 816 vendendum
1337 769 1419 835 quos
1435 747 1543 814 adhuc
1557 768 1657 831 penes
1674 770 1708 814 se
1724 749 1860 829 detinet,

561 857 623 919 etc.
670 854 755 918 Item
779 856 922 938 appellat
946 855 1125 920 Ricardum
1149 856 1179 919 le
1203 855 1328 921 Barber
1352 855 1545 920 manentem
1568 873 1667 936 super
1684 855 1863 921 Cornhulle

561 962 594 1022 et
624 958 805 1022 Robertum
836 960 1009 1024 vallettum
1047 959 1195 1042 ejusdem
1226 960 1266 1024 de
1296 959 1426 1026 robaria
1463 957 1623 1041 predicta,
1655 961 1716 1024 etc.
1768 959 1862 1024 Idem

562 1063 707 1146 appellat
722 1063 904 1128 Walterum
923 1063 1076 1146 Lambyn
1099 1067 1292 1130 manentem
1315 1064 1350 1128 in
1372 1061 1565 1130 Suthwerke
1581 1062 1622 1127 de
1637 1062 1811 1130 latrocinio
1826 1063 1861 1147 ij.

562 1187 722 1250 equorum
737 1167 888 1232 baiorum
905 1167 1025 1233 furtive
1041 1169 1228 1233 iuratorum
1244 1168 1332 1253 apud
1355 1167 1473 1234 Stolres
1489 1186 1590 1250 prope
1607 1166 1787 1232 Guldeford
1803 1189 1861 1252 per

562 1271 698 1336 radies
722 1274 800 1337 ante
823 1271 1069 1355 Carniprivium
1093 1293 1182 1338 anno
1205 1282 1259 1336 xx⁰
1282 1272 1339 1357 qui
1362 1273 1537 1336 remanent
1557 1290 1657 1354 penes
1673 1270 1861 1354 predictum

562 1375 745 1440 Walterum
762 1377 794 1440 et
811 1375 1048 1441 relabentes.
1065 1376 1153 1440 unde
1168 1376 1337 1460 predictus
1352 1376 1509 1460 probator
1525 1373 1644 1439 habuit
1667 1373 1710 1438 ad
1730 1378 1861 1458 partem

562 1498 658 1542 suam
682 1479 724 1542 xl.
742 1499 768 1542 s.
815 1478 908 1544 Idem
931 1479 1076 1563 appellat
1099 1480 1229 1546 Proude
1253 1482 1354 1565 Kytto
1377 1482 1571 1545 manentem
1594 1479 1683 1562 apud
1701 1480 1798 1546 Ware
1821 1480 1861 1545 de

561 1583 826 1665 receptamento¹
844 1582 992 1666 ejusdem
1010 1587 1042 1648 et
1060 1583 1224 1649 sociorum
1241 1605 1378 1651 suorum
1399 1587 1432 1650 et
1447 1581 1695 1650 latrociniorum
1712 1604 1861 1649 suorum.

561 1789 596 1871 ij.
609 1790 776 1868 chalones,
789 1793 822 1855 et
839 1791 878 1855 de
894 1811 932 1856 eo
948 1792 1034 1873 quod
1050 1790 1123 1874 ipsa
1139 1795 1189 1858 est
1200 1791 1365 1857 venditrix
1380 1794 1414 1858 et
1425 1791 1595 1856 liberatrix
1610 1791 1860 1856 latrociniorum

562 1914 710 1959 suorum.
756 1894 848 1960 ldem
865 1895 1009 1979 appellat
1024 1895 1206 1961 Robertum
1223 1896 1393 1962 Charman
1414 1898 1550 1980 captum
1573 1897 1607 1960 et
1630 1895 1801 1960 detentum
1825 1895 1860 1960 in

561 1996 697 2080 prisona
712 1997 752 2063 dc
768 1999 941 2065 Colacestr’
958 1998 998 2064 de
1014 1998 1157 2083 quadam
1173 1999 1302 2066 toberin
1324 2001 1412 2067 lacta
1433 2020 1531 2084 super
1555 2000 1637 2065 duos
1661 2003 1861 2066 mercatores

562 2101 651 2184 apud
670 2101 860 2188 Affebregge
876 2104 964 2170 unde
980 2103 1098 2170 habuit
1115 2103 1165 2188 xxj
1171 2153 1176 2168 .
1195 2126 1222 2170 s.

877 2588 1067 2657 appellum
1084 2585 1227 2644 Ricardr'
1244 2585 1287 2645 ds
1306 2585 1541 2656 Seotwilleby.

627 2717 719 2783 Idem
743 2718 906 2784 Ricardus
928 2719 1020 2786 venit
1041 2741 1152 2785 coram
1175 2721 1390 2786 ³coronatore
1413 2731 1446 2785 et
1462 2715 1730 2785 vicecomitibus³
1752 2716 1858 2782 Lond'

560 2821 612 2886 die
635 2822 773 2888 Veneris
799 2825 889 2906 prox'
906 2827 985 2890 ante
1011 2823 1134 2890 lestum
1161 2825 1275 2892 Sancti
1299 2825 1389 2890 Petri
1404 2823 1440 2890 in
1456 2823 1624 2890 Cathedra
1639 2843 1728 2889 anno
1744 2823 1811 2906 xxj⁰
1825 2826 1859 2888 et

502 2993 509 3006 ,
560 2925 712 3008 cognovit
729 2947 763 2991 se
779 2947 850 2992 esse
865 2927 1029 2994 latronem
1045 2932 1078 2996 et
1094 2931 1238 3014 appellat
1254 2929 1455 2996 Willelmum
1472 2929 1614 3012 Bisshop
1630 2932 1663 2994 et
1679 2928 1859 2993 Ricardum

560 3029 698 3114 Fewyth
730 3035 904 3097 manentes
934 3031 1024 3115 apud
1054 3033 1253 3117 Tychemers
1279 3055 1381 3118 prope
1404 3033 1612 3116 Thrapstone
1636 3032 1671 3095 in
1699 3031 1860 3096 comitatu

561 3133 678 3200 Norht'
711 3138 744 3201 et
767 3135 934 3218 Rogerum
960 3135 1092 3221 Leneye
1117 3137 1157 3203 da
1183 3137 1348 3204 Wardone
1373 3136 1413 3202 de
1440 3135 1601 3202 comitatu
1626 3134 1788 3200 Bedeford
1819 3135 1860 3199 de

560 3237 717 3303 societate
733 3243 765 3304 ct
781 3238 910 3305 robaria
934 3239 1022 3306 facta
1045 3261 1144 3324 super
1167 3241 1250 3306 duos
1273 3243 1473 3306 mercatores
1489 3259 1591 3323 prope
1607 3239 1752 3305 Bathon’
1769 3237 1859 3303 veni·

560 3343 654 3406 entes
679 3341 718 3406 de
742 3343 902 3408 nundinis
925 3344 1082 3428 Wynton'
1098 3344 1138 3410 de
1154 3345 1195 3409 xl.
1212 3345 1333 3409 marcis
1357 3348 1390 3410 st
1413 3345 1453 3408 de
1476 3343 1654 3409 homicidio
1677 3341 1858 3409 eorundem

560 3445 647 3510 circa
664 3447 785 3511 festum
804 3447 918 3514 Sancti
934 3448 1106 3514 Michaelis
1123 3469 1211 3514 anno
1226 3448 1312 3531 regis
1328 3447 1484 3516 Edwardi
1500 3449 1579 3531 xvj0.

627 3765 637 3802 ⁴
652 3763 823 3832 lohannes
839 3765 949 3851 Wiger
972 3767 1012 3834 de
1038 3769 1149 3853 Stepel
1172 3769 1212 3834 de
1234 3765 1408 3834 hundredo
1425 3767 1596 3850 Daneseys
1612 3767 1729 3848 captus
1745 3765 1808 3830 fuit
1824 3765 1858 3828 in

560 3869 638 3934 villa
654 3869 693 3935 ds
706 3871 850 3956 Nasinge
866 3871 955 3939 infra
971 3873 1159 3939 libertatem
1176 3874 1216 3939 de
1228 3871 1398 3940 Waltham
1411 3871 1531 3938 Sancte
1544 3869 1659 3936 Crucis
1675 3868 1717 3934 ad
1734 3873 1859 3933 sectam

560 3971 725 4038 iohannis
743 3975 907 4058 garcionis
922 3977 1060 4044 Walteri
1083 3977 1231 4042 Parcarii
1254 3976 1294 4041 de
1318 3973 1494 4059 'l'heydone
1517 3994 1578 4057 pro
1600 3971 1775 4038 latrocinio
1797 3969 1860 4036 sibi

560 4077 657 4154 lacte,
682 4077 738 4160 qui
762 4078 923 4145 deductus
947 4085 997 4146 est
1020 4081 1062 4146 ad
1085 4081 1256 4164 prisonam
1280 4079 1407 4144 domini
1429 4077 1516 4161 regis
1536 4077 1625 4160 apud
1641 4075 1810 4142 Waltham
1826 4077 1860 4139 et

558 4180 605 4244 ibi
621 4182 791 4248 confessus
806 4186 857 4248 est
873 4184 913 4250 de
929 4183 1036 4250 multo
1051 4185 1225 4251 latrocinio
1241 4205 1298 4268 per
1314 4184 1427 4267 ipsum
1444 4185 1477 4247 et
1495 4202 1554 4264 per
1570 4181 1652 4246 alios
1669 4180 1768 4245 lacto.
1812 4179 1860 4244 Et

559 4281 646 4350 idem
663 4285 834 4352 lohannes
850 4287 960 4371 Wiger
984 4311 1095 4355 coram
1119 4288 1274 4355 lohanne
1300 4289 1459 4371 Sperleng
1482 4288 1674 4351 coronatore
1697 4281 1860 4348 libertatis

559 4387 600 4452 de
615 4389 783 4455 Waltham
800 4393 945 4475 appellat
961 4391 1141 4458 Ricardum
1158 4393 1188 4458 le
1208 4391 1330 4476 Taylur
1354 4391 1411 4474 qui
1433 4392 1547 4454 manet
1566 4386 1663 4473 juxta
1685 4385 1859 4468 Billinges·

560 4497 634 4574 gate
673 4495 716 4559 ad
753 4495 916 4562 roberiam
956 4498 1141 4562 faciendam
1180 4497 1268 4580 apud
1301 4494 1536 4564 Seteresheldc.
1597 4493 1684 4558 Item
1714 4490 1859 4574 appellat
