4326 5722
609 546 631 618 3
853 527 854 530 ‘
1080 557 1287 615 oouousns·
1312 559 1442 616 some.

608 731 710 798 Beate
741 723 846 797 Murio
876 722 1038 796 Ricardus
1060 728 1151 798 venit
1173 733 1207 797 et
1230 731 1378 816 sequitur
1401 731 1566 820 et'dictue
1588 721 1773 798 Wlllelmus
1795 697 1903 818 primo

505 870 507 876 ·
607 838 834 920 interrogatus.
846 857 914 902 non
930 835 1032 902 venit.

675 943 760 1007 Item
787 941 829 1006 od
852 941 1049 1007 comitatum
1071 941 1221 1008 Bed’⁴‹die
1244 941 1340 1007 Lune
1361 951 1451 1027 prox’
1473 946 1548 1028 poet
1571 943 1694 1008 festum
1719 941 1751 1008 S.
1775 942 1903 1009 Methie

608 1048 757 1133 Apostoli
779 1069 868 1115 enno
894 1049 920 1112 1ο
942 1049 1111 1132 predictus
1134 1049 1295 1115 Ricardus
1318 1050 1409 1116 venit
1431 1053 1465 1116 et
1489 1049 1638 1135 sequitur
1662 1053 1696 1116 et
1719 1049 1903 1115 Willelmus

609 1153 741 1237 Moring
756 1152 899 1227 secundo
914 1151 1137 1236 interrogatus
1153 1174 1221 1218 non
1236 1153 1337 1219 venit.

675 1259 759 1323 Item
772 1256 814 1322 cd
826 1256 1021 1323 comitatum
1031 1257 1111 1322 Bed’
1124 1257 1176 1323 die
1188 1258 1283 1323 Lune
1293 1261 1383 1342 prox·
1396 1260 1606 1342 postiemum
1622 1257 1903 1326 Annunciocionis

608 1361 710 1428 Beate
732 1363 838 1427 Murio
861 1382 949 1427 anno
971 1361 1118 1445 predicto
1141 1363 1303 1428 Ricardus
1326 1364 1473 1430 renitet
1497 1365 1654 1449 sequitur,
1671 1369 1705 1430 01
1718 1365 1902 1431 Willelmue
1962 1373 1964 1376 ’

606 1466 739 1549 Moring
752 1487 888 1550 presens
903 1469 1011 1532 totum
1035 1467 1181 1532 defendit
1204 1471 1237 1533 et
1259 1467 1386 1534 invenit
1408 1469 1533 1552 plegios
1556 1469 1775 1556 Reginsldum
1796 1469 1903 1534 filium

607 1572 747 1640 Gellridi
764 1571 803 1636 de
818 1571 994 1637 Honidone
1010 1575 1043 1637 01
1058 1572 1259 1638 Willelmum
1276 1574 1381 1659 Aleyn
1397 1575 1436 1639 de
1454 1574 1621 1658 Stspelho.

481 1821 507 1850 ω
544 1821 583 1852 en.
672 1781 819 1866 Contigit
834 1781 871 1848 in,
885 1801 1002 1866 compo
1017 1781 1051 1846 in
1075 1783 1217 1866 quodum
1240 1783 1310 1849 loco
1334 1782 1390 1868 qui
1413 1761 1550 1850 vocatur
1566 1782 1835 1851 Nomsnneslond
1851 1783 1903 1850 die

605 1889 701 1953 Lune
716 1889 806 1972 pror'
824 1891 902 1952 unte
919 1885 1118 1952 (lethedrem
1137 1887 1169 1953 S.
1186 1888 1277 1953 Petri
1300 1893 1375 1972 post
1397 1889 1577 1972 prandium
1593 1889 1680 1973 quod
1696 1890 1848 1954 Alfredus
1863 1889 1904 1954 de

606 1992 840 2060 Ravenesdene
865 1991 924 2056 ivit
955 1991 1150 2057 seminando
1180 1996 1304 2058 terrem
1335 2015 1431 2060 susm
1462 1999 1494 2060 et
1524 1997 1615 2061 venit
1646 1996 1688 2061 sd
1718 1996 1903 2080 predictum

606 2100 715 2165 locum
732 2100 764 2162 et
779 2096 898 2162 hsbuit
914 2096 1067 2162 morbum
1085 2096 1248 2162 caducum
1264 2101 1296 2164 et
1313 2099 1430 2164 cecidit
1453 2099 1494 2165 de
1509 2100 1597 2167 dicto
1612 2101 1729 2166 morbo
1744 2103 1777 2166 et
1794 2097 1917 2165 subito

509 2229 512 2238 ·
606 2204 687 2270 obiit
717 2224 775 2287 per
800 2201 1032 2281 infortunium
1077 2201 1123 2267 Et
1147 2203 1289 2268 Isobelle
1318 2202 1387 2270 filia
1418 2205 1582 2270 Johsnnis
1606 2205 1646 2271 de
1669 2205 1903 2271 Ravenesdene

606 2307 734 2372 invenit
761 2327 838 2372 eum
867 2305 976 2390 primo
1006 2309 1039 2372 et
1068 2306 1196 2373 invenit
1225 2308 1349 2392 plegios
1379 2309 1564 2376 Wolterum
1596 2309 1703 2374 fflium
1726 2309 1903 2411 Alfredde

606 2411 842 2479 Ravenesdene
858 2413 891 2476 et
906 2411 1117 2493 Arnulphum
1133 2413 1258 2495 Argent
1275 2412 1455 2479 denudem.

607 2623 806 2712 pinquiores,
824 2621 1066 2699 Revenesdene,
1091 2621 1250 2699 Ronhcle,
1273 2623 1433 2702 wildene,
1457 2625 1670 2690 Bollenhurst
1693 2627 1726 2691 01
1749 2626 1905 2709 Golding·

608 2731 696 2806 tone,
713 2748 776 2812 que
791 2726 905 2792 dicunt
929 2725 1016 2810 quod
1031 2725 1116 2790 nihil
1139 2725 1247 2792 sciunt
1263 2727 1329 2793 nisi
1344 2749 1402 2812 per
1418 2729 1642 2794 infortunium
1659 2733 1696 2796 ut
1719 2729 1906 2815 predictum

610 2836 671 2900 tet.

657 3065 659 3070 ·
678 3038 824 3122 Contigit
839 3037 874 3128 in
889 3037 981 3122 regio
996 3037 1049 3104 vio
1063 3039 1151 3104 inter
1166 3038 1398 3124 Goudingtono
1412 3041 1419 3078 ¹
1444 3044 1477 3106 et
1493 3041 1654 3108 Bedeford
1666 3041 1718 3106 die
1733 3041 1908 3108 Dominics

583 3191 586 3198 ,
611 3139 701 3231 'pror’
719 3149 797 3211 unte
813 3145 935 3209 festum
952 3143 1066 3209 Sancti
1081 3143 1259 3209 Laurenoii
1275 3166 1363 3210 anno
1378 3147 1414 3210 1⁰.
1440 3194 1448 3210 .
1474 3195 1482 3211 .
1509 3194 1517 3210 .

548 3381 552 3388 ·
614 3355 753 3440 quiores,
785 3349 1016 3436 Goldingtone‚
1054 3353 1212 3432 Romule,
1251 3355 1485 3420 Revenesdene
1521 3377 1581 3438 pro
1619 3377 1687 3421 uns
1723 3357 1848 3434 villeta,
1876 3359 1909 3423 et
1986 3351 1990 3360 '

586 3541 590 3550 Ι
616 3458 784 3537 Bereford,
798 3479 860 3542 que
877 3457 992 3522 dicunt
1008 3457 1094 3541 quod
1111 3459 1219 3523 dictus
1235 3459 1404 3526 Gcllridus
1417 3481 1493 3524 cum
1509 3458 1630 3525 auxilio
1645 3465 1678 3526 et
1695 3461 1817 3526 forcisl
1832 3460 1912 3526 dicti

617 3563 746 3648 ingnoti
761 3562 879 3629 occidit
895 3562 1019 3629 dictum
1035 3563 1249 3647 Redulphum
1265 3567 1304 3630 ut
1318 3564 1503 3649 predictum
1519 3567 1580 3630 est.
1625 3567 1704 3632 Ideo
1718 3569 1911 3652 preceptum

613 3673 669 3735 est
685 3669 771 3753 quod
786 3669 953 3754 predictus
970 3667 1138 3735 Gallridus
1154 3669 1315 3753 cupiatur.
1360 3669 1459 3736 Nullo
1473 3669 1663 3738 habuerunt
1678 3671 1808 3738 0010110.

687 4179 833 4264 Contigit
849 4158 1109 4264 epud'Beresord
1124 4179 1177 4246 die
1193 4179 1366 4248 Dominios
1381 4183 1470 4267 prox’
1487 4183 1565 4250 onte
1581 4183 1703 4246 festum
1721 4180 1756 4249 S.
1772 4181 1912 4248 Bartho-

619 4285 1915 4370 lomeicircshorsmcubscionisonnol⁰quodHenricusOolburndeBerelord

496 4437 500 4446 ·
612 4393 719 4459 «exivit
735 4391 774 4456 de
790 4390 888 4456 domo
904 4411 965 4456 eus
980 4391 1015 4454 in
1031 4383 1251 4457 Bereford'sd
1266 4392 1446 4458 bibendum
1461 4413 1565 4458 rmum
1580 4392 1717 4458 ollutum
1733 4391 1867 4457 cervisie
1883 4395 1916 4458 et

620 4499 734 4565 ecdem
750 4499 847 4562 nocte
862 4517 930 4561 non
945 4495 1052 4572 rediit,
1070 4495 1170 4561 setin
1193 4497 1338 4563 crastino
1362 4519 1493 4564 summo
1507 4519 1606 4563 mune
1621 4497 1754 4580 Angues
1770 4496 1915 4564 Oolburn

620 4607 727 4670 meter
751 4623 812 4667 sue.
836 4601 977 4684 quesivit
1002 4621 1078 4666 eum
1105 4603 1138 4666 et
1161 4601 1288 4667 invenit
1313 4602 1439 4668 dictum
1468 4603 1652 4668 Henricum
1682 4607 1852 4666 mortuum
1883 4605 1917 4666 et

611 4709 816 4778 ulnerutum
832 4705 867 4769 in
884 4725 1018 4789 corpore
1042 4705 1128 4771 ciros
1151 4726 1206 4770 cor
1222 4709 1255 4772 et
1276 4706 1312 4772 in
1330 4711 1446 4774 ventre
1466 4706 1521 4790 vij.
1545 4706 1660 4791 plegae
1682 4726 1758 4770 cum
1785 4705 1915 4771 cultello

619 4955 627 4985 ¹
647 4953 700 5005 Sic.
802 4953 812 4983 ²
829 4953 864 5002 As
876 4955 903 5002 to
915 4950 960 5001 the
973 4951 1096 5014 meaning
1107 4953 1134 5001 01
1145 4950 1199 5002 this
1212 4951 1279 5002 word
1292 4967 1334 5003 see
1346 4950 1482 5010 Meitlsnd
1496 4949 1548 5003 Sel.
1560 4949 1638 5001 Pleas
1649 4949 1678 5014 o!
1687 4947 1728 4999 tho
1741 4945 1842 5004 Croton,
1853 4959 1879 5008 p.
1891 4945 1915 4995 3.
