4364 5736
349 699 432 742 Catulla
441 695 481 737 lor·

349 756 358 776 ¹
367 751 407 798 ilii.
420 750 451 789 (1.ι

350 807 410 845 Εχῦῐ.
417 801 425 821 ¹

349 856 452 898 Duiess'ffl

526 491 597 562 102
993 503 1200 560 couousrvs’
1225 503 1354 559 sonas

525 678 689 744 Lovedale
718 699 776 762 per
807 680 1053 744 sacramentum
1079 725 1087 742 .
1113 725 1121 742 .
1147 678 1195 741 .¹.
1239 676 1303 758 Qui
1340 675 1521 741 dicunt..
1548 722 1590 738 ..
1651 674 1698 740 Et
1736 673 1824 740 idem

526 783 709 851 Willelmus
725 784 875 849 Junsone
890 787 965 867 post
981 783 1138 848 feloniam
1156 782 1339 866 predictam
1355 781 1402 846 sic
1418 781 1540 847 factam
1564 779 1672 862 rugiit.
1719 779 1825 844 Precii

349 899 496 949 coronatoris·
526 889 556 953 le
571 887 647 952 bille
662 887 721 972 iiij.
738 887 769 952 d.
786 887 874 953 unde
889 887 1004 957 villata
1020 887 1059 952 de
1075 885 1287 971 Penkeryche
1302 884 1450 969 predicta
1465 883 1700 968 respondebit.⁶

355 1786 419 1826 Mem.
429 1786 440 1825 8

1034 1439 1335 1540 [susacim]

596 1767 646 1831 Ad
663 1763 858 1831 comitatum
876 1761 963 1830 Suff'
985 1764 1116 1828 tentum
1140 1761 1229 1844 apud
1252 1759 1469 1844 Gippevicum
1492 1759 1544 1826 die
1567 1760 1663 1826 Lune
1685 1759 1721 1824 in
1744 1760 1828 1825 festo

531 1867 894 1966 ConversionisSancti
910 1866 1006 1932 Pauli
1021 1886 1109 1931 anno
1125 1865 1218 1948 regni
1234 1865 1320 1948 regis
1335 1865 1491 1930 Edwardi
1506 1865 1632 1931 terciia
1647 1869 1829 1949 conquestu

458 2044 460 2050 s
531 1985 606 2040 xxx⁰
620 1975 800 2058 incipiente
816 1973 857 2040 G.
877 1971 1046 2056 Seyntcler
1062 1974 1143 2036 tunc
1158 1968 1389 2058 vic[ecomite].
1430 1970 1536 2037 Stowe
1552 1992 1628 2035 cum
1644 1970 1827 2054 Thorneye,

533 2081 682 2156 cambes,
696 2076 885 2162 Fynbergh’
902 2097 978 2142 cum
991 2075 1151 2154 Buxhale‚
1163 2076 1360 2140 Herleetone
1376 2096 1452 2140 cum
1466 2075 1623 2141 Shellond
1635 2077 1829 2158 presentant

532 2185 620 2269 quod
632 2184 684 2248 die
696 2181 834 2250 Sabbati
843 2181 878 2245 in
889 2181 972 2245 sesto
983 2179 1097 2246 Sancti
1109 2179 1271 2263 Stephani
1283 2200 1371 2244 anno
1383 2179 1470 2243 xxix⁰
1479 2179 1559 2244 dicti
1568 2177 1683 2266 reg[is]
1695 2179 1829 2262 quidam

534 2289 678 2354 Thomas
694 2287 734 2352 de
752 2284 911 2352 Skultone
928 2284 1064 2349 felonice
1079 2283 1245 2348 interiecit
1261 2283 1378 2348 Matill‘
1396 2283 1436 2349 de
1452 2283 1673 2348 Moundeville
1689 2283 1725 2346 in
1740 2283 1831 2365 rogia

397 2428 429 2458 we
534 2397 641 2459 strata
657 2391 697 2456 de
714 2389 962 2459 Stowemarket.
1009 2388 1188 2473 Inquisitio
1204 2394 1302 2472 capta
1318 2411 1416 2473 super
1430 2389 1540 2454 visum
1558 2389 1703 2472 corporis
1719 2409 1831 2454 coram

534 2497 675 2562 Ricardo
695 2497 735 2562 de
758 2495 995 2560 Martelesham
1018 2499 1211 2559 coronatore
1234 2494 1360 2559 domini
1382 2493 1468 2577 regis
1493 2495 1670 2560 comitatus
1693 2493 1832 2577 predicti

535 2603 624 2686 apud
642 2601 879 2668 Stowemarlret
899 2600 952 2665 die
974 2599 1093 2666 Martis
1115 2599 1151 2664 in
1174 2600 1258 2664 festo
1283 2599 1399 2666 Sancti
1422 2599 1547 2665 Thome
1570 2599 1720 2664 Martiris
1743 2619 1831 2665 anno

536 2704 725 2789 supradicto
741 2725 799 2788 per
821 2703 877 2788 xij.
890 2702 1097 2790 jur[atores].
1145 2703 1208 2784 Qui
1224 2703 1339 2768 dicunt
1355 2723 1453 2788 super
1469 2706 1717 2770 sacramentum
1733 2723 1832 2767 suum

536 2808 623 2894 quod
639 2808 805 2893 predictus
822 2808 966 2872 Thomas
983 2806 1023 2872 de
1041 2807 1182 2873 Skulton
1197 2807 1341 2873 obviavit
1357 2808 1481 2873 dictam
1491 2807 1609 2873 Matill’
1621 2807 1662 2873 de
1673 2807 1831 2872 Moundo-

398 2943 426 2972 on
535 2913 611 2978 ville
638 2915 733 2978 etex
759 2911 891 2977 malicia
920 2911 1124 2994 precogitata
1153 2911 1240 2995 cepit
1269 2912 1424 2976 baculum
1455 2911 1561 2995 ipsius
1591 2909 1709 2976 Matill’
1741 2913 1834 2976 extra

537 3037 675 3082 manum
703 3037 799 3081 suam
823 3019 856 3081 et
880 3016 1042 3100 percussit
1067 3036 1141 3082 eam
1171 3016 1283 3100 plures
1307 3016 1392 3082 ictus
1416 3017 1465 3082 ita
1489 3015 1575 3100 quod
1600 3016 1689 3082 dicta
1713 3015 1832 3082 Matill’

537 3118 652 3184 cecidit
679 3119 722 3185 ad
745 3123 868 3185 terram
893 3123 926 3184 et
951 3119 1072 3185 levavit
1095 3121 1265 3185 hutesium
1291 3141 1389 3204 super
1420 3121 1545 3185 dictum
1569 3120 1742 3186 Thomam.
1788 3121 1834 3186 nt

538 3245 636 3308 super
666 3223 728 3289 hoc
752 3223 920 3308 predictus
945 3225 1089 3290 Thomas
1116 3225 1257 3291 extraxit
1283 3226 1454 3290 cultellum
1478 3228 1632 3291 vocatum
1657 3225 1778 3290 brocha
1802 3229 1835 3289 et

538 3329 701 3413 percussit
720 3329 843 3394 dictam
866 3329 985 3394 Matill'
1009 3329 1146 3394 felonice
1169 3330 1205 3394 in
1228 3330 1365 3395 sinistra
1387 3333 1482 3413 parte
1505 3329 1622 3413 capitis
1638 3330 1836 3413 quemdam⁷

539 3432 672 3515 plagam
689 3431 728 3496 de
744 3452 810 3514 qua
825 3431 1039 3498 moriebatur.
1085 3433 1241 3500 Johanna
1255 3435 1286 3498 le
1302 3435 1435 3499 Mellere
1450 3433 1513 3499 fuit
1532 3454 1608 3499 curn
1624 3434 1714 3500 eain
1730 3436 1837 3499 strata

540 3534 671 3618 quando
695 3536 775 3602 obiit
791 3536 885 3620 cujus
900 3537 999 3620 plegii
1014 3545 1093 3604 eunt
1108 3539 1291 3606 Willelmus
1307 3539 1347 3605 de
1362 3539 1499 3616 Estone,
1515 3539 1680 3605 Walterus
1698 3538 1835 3605 Siriche.

541 3639 686 3705 Proximi
701 3639 801 3705 vicini
824 3641 844 3706 J
846 3641 979 3707 ohanna
995 3643 1024 3708 le
1040 3643 1184 3720 Meliore,
1200 3643 1363 3708 Ricardus
1378 3643 1468 3720 Prat,
1485 3643 1633 3725 Rogerus
1649 3643 1688 3707 de
1704 3643 1836 3720 Badele‚

541 3745 740 3829 Rauulphus
755 3744 795 3810 de
810 3746 922 3824 Wode,
938 3767 1080 3830 quorum
1094 3747 1193 3831 plegii
1209 3750 1290 3812 suut
1314 3795 1322 3812 .
1346 3795 1354 3811 .
1380 3747 1402 3810 .⁸
1445 3747 1493 3812 Et
1507 3746 1675 3830 predictus
1692 3748 1836 3812 Thomas

541 3851 581 3916 de
604 3851 764 3918 Skultone
779 3854 896 3935 captus
920 3851 984 3917 fuit
1001 3873 1059 3936 per
1075 3851 1338 3918 constabularios
1360 3855 1394 3917 et
1417 3852 1537 3918 ductus
1560 3850 1602 3916 ad
1626 3854 1775 3917 castrum
1798 3851 1838 3917 de

541 3956 623 4041 Eye.
670 3956 822 4021 Precium
838 3976 1007 4022 armorum
1023 3958 1111 4022 unde
1128 3958 1246 4024 Matill'
1264 3957 1416 4022 occisus⁹
1432 3957 1496 4022 fuit
1511 3957 1555 4041 vj.
1573 3957 1603 4021 d.
1622 3957 1709 4022 unde
1725 3958 1839 4023 villata
1872 3993 1873 3996 κ

541 4063 793 4146 respondebit.¹⁰
838 4062 1034 4146 Requisiti¹¹
1053 4063 1093 4129 ds
1116 4063 1210 4130 bonis
1234 4066 1267 4128 et
1292 4063 1430 4141 catallis,
1459 4063 1557 4129 terris
1582 4067 1615 4129 et
1641 4063 1839 4129 tenementis

542 4167 654 4233 liberis
670 4166 787 4233 felonis
802 4165 859 4251 qui
874 4167 989 4233 dicunt
1010 4151 1097 4252 quod
1112 4168 1230 4234 habuit
1254 4189 1361 4234 unum
1376 4168 1543 4252 rotagium
1567 4189 1643 4233 cum
1666 4168 1840 4251 curtilagio

577 4357 584 4386 ¹
604 4353 704 4404 Twelve
716 4368 815 4404 names
877 4355 912 4384 Η
928 4353 1099 4404 (trossedout.
1216 4352 1374 4403 ansverabla
1385 4353 1425 4402 lor
1437 4367 1453 4401 a
1465 4351 1591 4402 deodand.

577 4421 669 4470 ¹This
689 4435 772 4470 seems
790 4424 818 4470 to
837 4435 915 4470 mean
935 4421 1101 4478 occuitum
1120 4419 1166 4469 the
1250 4419 1335 4468 'Roll
1358 4420 1414 4478 173,
1451 4417 1525 4468 three
1553 4419 1726 4478 membranas.
1758 4422 1840 4471 26-31

544 4488 620 4539 value
637 4489 664 4536 ot
690 4487 736 4536 the
759 4485 878 4537 deodand
901 4487 924 4536 is
945 4487 1037 4550 placed
1064 4487 1092 4536 in
1121 4486 1167 4536 the
1217 4485 1289 4535 Edw.
1308 4485 1365 4544 ΙΙΙ.,
1383 4484 1535 4548 containing
1554 4491 1745 4548 presentments
1766 4489 1842 4537 made

543 4557 662 4604 estreats.
1218 4551 1246 4601 in
1265 4552 1311 4601 the
1329 4555 1426 4614 county
1442 4555 1516 4600 court
1532 4551 1566 4615 by
1577 4553 1635 4602 four
1647 4553 1715 4611 vills,
1728 4553 1780 4602 and
1797 4553 1843 4604 the

579 4623 587 4650 ⁴
605 4620 655 4668 His
662 4617 1050 4682 recordisdelectivaprobably
1059 4618 1168 4668 because
1218 4616 1843 4682 correspondinginquests;aleooneabjuration.

544 4685 578 4736 he
613 4701 672 4748 says
700 4684 811 4748 nothing
844 4685 1000 4748 concerning
1028 4684 1168 4735 Williem's
1253 4684 1334 4734 *Sta
1496 4683 1603 4746 'Eight
1614 4701 1713 4734 names.

544 4753 665 4802 chattels.
1254 4752 1263 4780 ⁹
1282 4751 1335 4801 Sic.
1499 4751 1517 4779 ¹⁰
1534 4751 1589 4800 MS.
1601 4753 1658 4800 ottt'
1671 4751 1797 4818 respoari’.

578 4819 636 4867 'In
646 4833 695 4868 ona
703 4832 804 4867 caseon
813 4815 923 4867 thisroll
931 4816 1047 4867 William
1057 4815 1169 4880 Stolrley,
1254 4818 1272 4848 ¹¹
1291 4817 1346 4866 MS.
1358 4814 1462 4882 reputat

544 4884 679 4936 cscheator
697 4885 724 4934 ot
742 4883 788 4934 the
807 4883 870 4948 king
889 4884 917 4934 in
936 4883 1129 4942 Stallordshira
1147 4884 1170 4933 is
