4372 5724
557 533 605 630 tt
865 557 868 562 ·
931 617 933 622 ,
1021 551 1229 634 conounns’
1254 552 1385 610 nouus.
1516 551 1522 562 ·

280 703 287 716 ⁸
327 785 330 793 ,
411 753 414 759 ·
444 775 447 782 .
553 722 828 808 propinquinrum
853 722 1004 790 videlicet
1034 723 1227 808 Hokeneye,
1256 722 1468 802 Schordiche,
1498 725 1657 794 Esildone
1687 733 1721 797 et
1750 728 1856 796 West'-

554 828 751 895 smetheleld
765 829 827 894 hoo
842 823 931 895 idem
946 828 1073 893 dicunt.
1109 829 1156 894 Et
1171 829 1250 912 quic
1266 829 1355 895 dicto
1370 828 1563 896 Christiana
1572 832 1738 900 inventrix
1748 834 1858 918 primu

555 930 703 998 defuncti
740 954 807 999 non
845 931 954 1016 potuit
991 931 1139 997 invenire
1177 935 1434 1016 manucapt'ores
1460 927 1589 1017 juravit
1626 957 1737 1002 coram
1769 938 1857 1004 dioto

555 1041 748 1105 coronatore
763 1038 850 1122 quod
865 1037 901 1102 in
916 1036 1009 1103 omni
1023 1037 1093 1102 loco
1109 1037 1173 1102 orit
1188 1041 1307 1121 persto
1322 1038 1365 1102 ud
1381 1021 1570 1104 laciendum
1580 1045 1613 1107 et
1623 1043 1857 1109 sustinendum

425 1155 428 1160 “
556 1158 596 1204 eu
611 1161 674 1223 que
689 1141 753 1207 sibi
768 1163 828 1226 pro
844 1142 904 1208 tuli
919 1160 998 1207 casu
1014 1141 1209 1218 incumbent
1223 1144 1231 1180 ¹
1248 1147 1282 1208 et
1297 1142 1349 1208 lex
1364 1141 1481 1226 exiget.
1515 1139 1519 1148 '

838 1495 1226 1634 unnsscuul'rvo
1263 1555 1581 1662 monsontio

351 1827 360 1846 .
475 1817 477 1820 .
552 1755 736 1840 [Roscius
759 1773 937 1845 HUGONIS
962 1773 1089 1829 BURDI
1114 1773 1381 1846 coRoNAvoRrs
1406 1777 1553 1831 DOMINI
1580 1777 1697 1833 REGIS
1723 1777 1857 1834 LIBER·

639 1862 774 1916 ''PATIS
798 1862 975 1940 anooPI
1001 1859 1185 1918 ELIENSIS
1210 1863 1252 1918 IN
1279 1865 1472 1920 PARTIBUS
1498 1867 1797 1922 MERSSCHLOND.

380 2004 528 2100 “eveus
556 2031 562 2042 ·
624 2009 773 2091 cuatuor
786 2007 899 2074 unare
914 2011 1108 2092 presentant
1123 2008 1274 2076 uuellest
1298 2010 1443 2097 suleyo,
1460 1995 1666 2097 eryngion,
1682 2013 1859 2081 warsolne

557 2115 591 2178 et
617 2113 756 2196 Welpol’
787 2113 875 2195 quod
905 2113 1077 2178 Johunnes
1108 2111 1148 2178 de
1179 2113 1366 2184 Nettilhem
1394 2117 1493 2181 statis
1523 2117 1663 2200 triginta
1692 2139 1859 2200 cnnoruns
1919 2115 1928 2142 '·

464 2288 466 2294 ¹
558 2217 714 2284 inventus
729 2217 793 2283 fuit
809 2217 936 2283 occisus
956 2219 992 2284 in
1013 2213 1186 2284 murosco⁸
1205 2219 1245 2285 de
1268 2219 1498 2286 Merssohlond
1519 2222 1571 2288 die
1592 2223 1689 2289 Lune
1709 2223 1860 2306 proximo

436 2339 441 2348 ·
557 2327 633 2407 post
656 2323 777 2389 festum
802 2323 995 2390 Nativitctis
1023 2322 1139 2390 Sancti
1162 2323 1328 2390 Johonnis
1353 2325 1506 2410 Baptiste
1530 2348 1620 2394 euno
1649 2328 1744 2411 regni
1773 2327 1859 2412 regis

557 2427 714 2494 Edwardi
730 2427 823 2494 tercii
838 2431 913 2511 post
928 2429 1146 2512 conquestum
1162 2428 1331 2510 tricesimo
1347 2429 1490 2513 quinto.¹
1596 2509 1602 2518 ,
1857 2501 1861 2506 ,

606 2533 804 2617 lnquisicio
826 2533 904 2598 inde
926 2537 1024 2617 cepte
1046 2553 1157 2600 coram
1180 2535 1310 2617 profcto
1333 2539 1527 2602 coronatore
1550 2536 1639 2620 upud
1662 2535 1857 2621 Tiryngton’

558 2638 611 2704 die
627 2638 718 2704 Jovis
733 2639 823 2723 prox'
840 2638 991 2722 sequenti
1005 2659 1064 2722 per
1089 2686 1097 2704 .
1123 2684 1131 2703 .
1156 2687 1164 2704 .
1189 2641 1226 2702 .⁴
1246 2639 1313 2724 jur’
1338 2644 1371 2707 ot
1394 2645 1617 2725 perquctuor
1632 2640 1763 2708 villctos
1778 2662 1860 2725 -pre-
1970 2673 1980 2690 ·
2006 2635 2012 2647 ’

260 2725 265 2736 ’
349 2743 354 2752 “
448 2751 474 2783 ¹¹⁹
558 2742 663 2808 dictes
685 2743 828 2826 juretus.
874 2743 938 2823 Qui
964 2742 1079 2814 dicunt
1104 2763 1203 2827 super
1230 2748 1477 2837 sacromentum
1504 2765 1602 2810 suum
1627 2745 1714 2828 quod
1740 2745 1859 2810 Petrus

557 2847 701 2920 Wrenne
724 2847 777 2912 die
799 2847 894 2913 Lune
918 2849 1009 2930 prox'
1025 2851 1100 2931 post
1125 2848 1248 2913 festum
1275 2848 1391 2937 Sancti
1415 2849 1580 2915 Johcnnis
1604 2848 1756 2933 Baptiste
1770 2869 1860 2914 suno

557 2952 651 3036 regni
677 2952 763 3036 regis
785 2951 942 3018 Edwardi
965 2951 1059 3018 tercii
1085 2953 1161 3036 post
1187 2958 1407 3036 conquestum
1433 2955 1600 3020 tricesimo
1623 2954 1740 3038 quinto
1770 2954 1859 3039 opud
1891 2939 1892 2943 ¹

558 3059 693 3142 Tilneye
716 3057 866 3123 videlicet
890 3054 913 3142 ['
940 3056 954 3144 ]
977 3056 1119 3123 morisco
1142 3057 1182 3122 de
1205 3043 1457 3125 Merehsslandl
1472 3081 1548 3125 oum
1574 3059 1717 3142 quodum
1741 3060 1860 3125 cutello
1928 3093 1932 3100 ·

557 3167 710 3244 extracto,
725 3162 889 3227 insultum
912 3161 989 3227 lecit
1011 3161 1047 3226 iu
1070 3161 1260 3228 iohannem
1285 3163 1326 3228 de
1351 3164 1535 3230 Nettilhnm
1559 3167 1592 3228 et
1619 3184 1695 3229 eum
1723 3163 1860 3229 telonice

557 3269 676 3335 occidit
691 3289 768 3332 oum
784 3267 871 3333 dioto
886 3267 1006 3334 cutello
1021 3267 1255 3350 peroussiendo
1270 3268 1381 3352 ipsum
1397 3267 1433 3333 in
1457 3269 1592 3334 bruchio
1616 3267 1752 3358 sinistro
1771 3267 1867 3333 unde'

534 3363 676 3441 ¹stetim
700 3373 792 3440 obiit.
838 3372 885 3437 Et
910 3371 1018 3438 dictus
1043 3372 1161 3437 Petrus
1186 3371 1302 3438 stetim
1328 3373 1423 3457 fugit,
1449 3377 1483 3439 et
1508 3394 1575 3439 non
1599 3372 1717 3438 habuit
1740 3371 1859 3451 terros',

560 3482 648 3547 bonu
669 3499 776 3563 neque
799 3478 930 3545 catullo.
973 3477 1129 3543 Precium
1157 3478 1269 3544 cutelli
1293 3478 1328 3563 ij.
1346 3479 1378 3562 d,
1406 3479 1494 3545 unde
1519 3479 1634 3546 villntc
1658 3478 1698 3545 de
1725 3479 1859 3570 Titneye
1898 3525 1904 3554 -,
1989 3507 2015 3558 ·,

344 3621 349 3642 =
478 3605 479 3608 ’
561 3585 782 3671 respondebit.
1404 3605 1410 3616 ·

626 3796 746 3864 Villete
771 3795 810 3862 de
835 3793 1041 3880 Tiryngton’,
1056 3793 1196 3879 Wolpol,
1213 3789 1400 3875 Walsokne,
1424 3795 1556 3863 Wolton
1581 3814 1657 3861 cum
1681 3793 1859 3860 Enemeth’

560 3905 754 3987 presentant
769 3899 857 3984 quod
872 3901 924 3965 die
941 3898 1115 3965 Dominioo
1131 3901 1222 3983 prox’
1240 3904 1320 3966 onte
1335 3901 1459 3966 festum
1477 3900 1592 3968 Sancti
1605 3899 1755 3983 Gregorii
1770 3900 1863 3984 Pcpe

560 4029 649 4075 suno
664 4005 758 4090 regni
774 4004 859 4090 regis
875 4004 1032 4071 Edwardi
1048 4004 1142 4071 tercii
1157 4009 1232 4088 post
1247 4009 1465 4090 conquestum
1482 4004 1648 4074 tricesimo
1664 4007 1755 4070 sexte
1770 4003 1860 4087 opud

560 4112 737 4198 Wolsokne
752 4110 840 4177 circo
854 4103 972 4176 horo'm
989 4129 1114 4176 nonem
1129 4109 1285 4176 inventus
1303 4110 1365 4176 luit
1381 4109 1508 4177 occisus
1533 4156 1576 4196 ·.·
1602 4111 1624 4174 ,ὅ

627 4216 807 4303 inquisicio
831 4214 908 4280 indo
935 4219 1033 4299 copto
1063 4204 1152 4298 opud
1177 4215 1353 4282 Wulsokne
1383 4215 1435 4281 dio
1466 4215 1561 4282 Lune
1591 4214 1681 4297 prox’
1709 4211 1860 4296 sequenti

512 4398 517 4408 ,
561 4343 652 4408 per.
677 4370 685 4388 .
710 4322 733 4386 .⁷
744 4319 810 4405 jur’
827 4323 860 4384 et
876 4338 935 4403 per
950 4317 1115 4402 predictas
1130 4321 1273 4402 quotuor
1287 4319 1419 4385 villatas
1431 4319 1510 4403 jur’.
1553 4317 1616 4400 Qui
1631 4317 1746 4398 dicunt
1762 4337 1860 4400 super
1929 4335 1933 4342 ·

400 4493 406 4505 ,
562 4429 810 4494 sacramentum
836 4443 936 4489 suum
960 4422 1047 4506 quod
1060 4409 1245 4489 'Johnnnes
1272 4423 1342 4492 Ode
1368 4423 1409 4488 de
1435 4423 1612 4488 Enemeth'
1639 4421 1691 4488 die
1723 4419 1886 4490 Subtriti.

427 4533 429 4536 ’
562 4531 652 4618 prox’
678 4533 756 4596 onte
780 4530 903 4594 festum
927 4527 1042 4594 Sancti
1069 4526 1223 4618 Gregorii
1243 4522 1331 4612 Pup'e
1358 4546 1448 4593 cuno
1472 4526 1566 4610 regni
1594 4525 1681 4609 regis
1704 4518 1861 4588 Edwardi

562 4636 658 4706 tercii
672 4637 747 4721 post
771 4635 989 4718 conquestum
1013 4631 1181 4704 tricesimo
1206 4635 1297 4698 sexto
1320 4631 1410 4716 apud
1425 4629 1601 4698 Wolsokne
1625 4649 1703 4701 oum
1716 4627 1859 4712 quodum

598 4795 811 4850 *ussmomu
1269 4793 1351 4844 usu.

598 4867 608 4896 ²
624 4865 683 4917 Boll
699 4865 741 4924 20,
758 4877 807 4913 one
832 4858 991 4920 membrano,
1008 4843 1090 4911 35-’36
1113 4857 1185 4911 now.
1270 4861 1279 4890 ¹
1296 4858 1397 4908 Twelve
1409 4847 1508 4910 nomes.
1678 4857 1687 4886 ⁵
1707 4854 1759 4910 Sic.

564 4932 615 4983 111.
1090 4974 1093 4978 ,
1204 4966 1206 4970 .
1270 4923 1420 4974 'Blonlrin
1433 4925 1486 4975 MS.
1588 4920 1715 4972 'Twelve
1727 4933 1825 4972 numer.
