4302 5734
550 556 622 629 110
1017 573 1223 631 concursus·
1249 573 1377 628 acuas.

372 756 517 807 Joussurre
549 746 699 810 16666661
715 743 850 810 16166166
866 745 1049 812 Walterum
1073 745 1199 810 Jaunes
1219 743 1369 828 jacentes
1393 743 1430 808 in
1457 742 1600 821 insidi0,¹
1629 743 1686 828 qui
1713 746 1847 830 quidem

372 807 399 846 dc
407 808 506 847 Severus-

372 859 433 897 stoke

372 986 381 1008 ¹
388 985 435 1036 riti.
443 987 473 1028 d.'

551 849 666 916 Simon
682 849 844 933 percussit
860 849 987 916 dictum
1002 851 1186 916 Waltarum
1202 849 1238 912 in
1254 848 1362 931 capite
1378 869 1454 913 cum
1470 869 1538 914 uno
1550 848 1628 915 billo
1643 850 1745 933 precii
1760 851 1803 935 vj.
1813 852 1847 917 d.

549 957 582 1018 et
596 955 763 1038 predictus
779 955 941 1020 Ricardus
964 955 1063 1039 fregit
1086 954 1221 1018 dorsum
1245 973 1343 1018 suum
1367 973 1443 1018 cum
1462 953 1488 1036 j.
1506 953 1622 1019 baculo
1645 955 1747 1037 precii
1762 956 1796 1039 ij.
1813 957 1848 1020 d.

547 1059 637 1122 unde
652 1058 766 1124 villata
783 1059 823 1123 16
839 1059 982 1142 Poywyk
1000 1061 1169 1123 oneratur.
1214 1057 1373 1122 Inventor
1396 1057 1510 1121 nullus
1532 1057 1610 1140 quia
1632 1058 1751 1124 habuit
1769 1061 1848 1144 jura

548 1161 780 1228 ecclesiastica.
826 1163 912 1228 Item
929 1163 1044 1227 dicunt
1066 1161 1153 1246 quod
1179 1160 1350 1226 Johannes
1376 1159 1522 1245 Squyere
1546 1161 1587 1226 de
1610 1162 1848 1230 Severnestoke

548 1267 635 1350 cepit
650 1267 754 1337 116166
772 1267 953 1351 Symousm
976 1271 1009 1338 et
1031 1266 1212 1336 Ricardum
1237 1266 1273 1330 in
1298 1265 1434 1332 domum
1462 1287 1559 1337 suam
1584 1267 1706 1338 ibidem
1731 1269 1846 1334 eadem

548 1375 644 1460 nocte
659 1371 765 1437 661666
781 1373 864 1438 bene
880 1373 966 1456 quod
983 1369 1385 1437 1616616616166116666613
1408 1370 1534 1436 dictum
1550 1372 1745 1452 Walterum,
1763 1377 1795 1440 et
1812 1395 1847 1441 se

547 1481 758 1544 retraxerunt
775 1481 807 1544 et
823 1479 910 1562 quod
925 1477 1163 1544 661611666116.

614 1810 794 1894 Inquisicio
813 1813 910 1894 capta
934 1811 985 1875 die
1010 1811 1106 1876 Luna
1131 1809 1165 1874 in
1192 1809 1379 1893 septimana
1404 1809 1614 1876 Pentecostes
1639 1831 1729 1875 anno
1753 1812 1847 1895 regni

548 1917 635 2000 regis
650 1916 784 1981 Ricardi
800 1916 936 1980 secundi
957 1919 1032 1998 post
1050 1919 1268 1998 conquestum
1293 1914 1361 1996 xvj⁰
1384 1935 1496 1980 coram
1521 1915 1668 1998 predicto
1693 1916 1847 1981 Johanne

460 2094 472 2122 θ
508 2093 523 2121 n
549 2020 748 2086 Bradewelle
765 2021 854 2102 apud
877 2019 981 2102 Seynt
1004 2021 1105 2084 dones
1128 2019 1304 2084 Worcestr’
1330 2039 1429 2102 super
1452 2018 1525 2082 visu
1551 2018 1696 2102 corporis
1719 2020 1847 2085 devan⁴

371 3589 420 3626 Jon·
432 3589 500 3628 Neoris

372 3637 398 3675 de
409 3639 502 3679 ,1161166-

372 3688 421 3732 told,
430 3690 479 3727 Jon·

548 2125 645 2190 Dewc
676 2123 826 2190 Wallici⁶
856 2145 914 2208 per
941 2127 1254 2188 sacramentum..
1281 2123 1302 2186 .⁶
1328 2123 1369 2188 de
1394 2123 1517 2188 villatis
1548 2123 1588 2188 de
1613 2123 1717 2207 Wyke
1746 2123 1847 2208 Sapy‚

548 2229 634 2314 Wyk
663 2228 821 2312 Episcopi
847 2227 1321 2311 61Βο11ο6666ο6166666667
1346 2227 1413 2292 vill’
1442 2227 1711 2311 circumquaque.
1785 2228 1848 2309 Qui

549 2333 665 2399 dicunt
696 2354 753 2415 per
781 2335 1029 2398 sacramentum
1056 2353 1155 2398 suurn
1177 2331 1264 2414 quod
1287 2331 1339 2395 die
1365 2331 1501 2398 Sabbati
1527 2331 1563 2396 iu
1590 2332 1703 2414 vigilia
1729 2332 1846 2397 Pente-

549 2443 655 2504 costes
679 2458 767 2503 anno
791 2437 885 2520 regni
909 2437 995 2521 regis
1026 2436 1160 2502 Ricardi
1191 2436 1327 2500 secundi
1357 2435 1425 2519 xvj⁰
1454 2437 1542 2520 quod
1573 2457 1660 2501 unus
1691 2437 1848 2503 Wallicus

549 2545 686 2608 vocatus
709 2541 903 2625 Meredythe
926 2541 1156 2606 1616611161668
1172 2543 1205 2606 61
1221 2539 1358 2604 16166166
1382 2540 1548 2606 1616616611
1574 2561 1679 2604 unum
1703 2541 1847 2606 alterum

549 2648 1172 2716 11611666666616661666186666
1194 2646 1230 2710 in
1253 2647 1325 2712 vico
1351 2647 1466 2712 Sancti
1485 2646 1649 2712 Johaunis
1669 2647 1844 2712 Worcestr’

549 2773 625 2817 cum
644 2752 670 2836 j.
687 2752 830 2835 daggure
853 2751 954 2834 precii
977 2751 1035 2834 iiij.
1052 2751 1083 2815 d.
1108 2751 1195 2816 unde
1217 2750 1332 2816 villata
1357 2751 1472 2818 Sancti
1487 2750 1652 2816 iohannis
1668 2751 1845 2834 Wyrcestr'

549 2854 770 2938 respondebit,
788 2857 820 2921 et
836 2875 870 2919 66
886 2855 1035 2920 retraxit.
1074 2854 1203 2921 0616116
1218 2854 1323 2920 66116.
1362 2855 1521 2920 Inventor
1536 2853 1682 2938 corporis
1698 2854 1846 2937 Rogatus

549 2959 724 3044 Heywode.

615 3195 794 3280 Inquisicio
810 3200 907 3281 capta
924 3197 1011 3280 apud
1028 3197 1254 3281 Bedewardyn
1266 3197 1363 3280 juxta
1378 3199 1535 3282 Wygorn’
1550 3197 1603 3264 116
1619 3197 1739 3264 Μ66116
1754 3200 1845 3282 prox’

547 3306 622 3386 post
653 3303 774 3368 festum
805 3301 1031 3368 Exultacionis
1064 3303 1184 3368 Sancte
1212 3303 1327 3368 Crucis
1352 3323 1441 3370 anno
1472 3303 1565 3386 regni
1596 3303 1682 3386 ragis
1713 3302 1847 3368 Ricardi

548 3406 684 3472 secundi
699 3410 774 3490 post
797 3409 1014 3489 conquestum
1038 3405 1164 3471 decimo
1188 3410 1304 3472 octavo
1329 3428 1429 3491 super
1453 3407 1526 3472 visu
1549 3407 1695 3491 corporis
1720 3407 1846 3473 Thome

371 3532 522 3584 66666666
547 3512 647 3577 Dawe
663 3532 774 3577 coram
798 3511 951 3577 Jobaune
975 3511 1174 3576 Bradewelle
1199 3533 1266 3576 uno
1290 3515 1523 3578 coronatorum
1548 3511 1675 3577 domini
1698 3511 1785 3596 regis
1809 3511 1845 3576 in

547 3617 708 3682 comitatu
731 3617 886 3701 Wygorn’
910 3637 969 3700 per
1000 3620 1246 3682 sacramentum
1271 3665 1279 3682 .
1304 3665 1312 3682 .
1338 3617 1371 3682 ,¹¹
1430 3617 1494 3699 Qui
1517 3616 1631 3682 dicunt
1654 3638 1712 3701 per
1736 3638 1843 3683 sacra-

371 3739 521 3786 66666
547 3725 699 3787 mentum
716 3727 848 3786 suum'.
873 3769 882 3785 .
908 3769 915 3784 .
961 3720 1007 3784 Et
1024 3719 1195 3786 sciendum
1211 3723 1261 3785 661
1278 3720 1364 3803 quod
1379 3720 1520 3804 predicti
1545 3721 1716 3787 dohannc's
1735 3721 1846 3786 Neode

371 3789 406 3838 01)
412 3790 486 3830 valada

546 3830 579 3893 et
596 3827 767 3893 Johannes
783 3825 964 3908 Carpenter
980 3828 1095 3909 postea
1110 3825 1198 3908 apud
1214 3825 1369 3910 Wygorn'
1387 3847 1499 3891 coram
1519 3826 1539 3891 J
1541 3825 1672 3892 ohanne
1688 3825 1728 3890 de
1744 3826 1845 3892 Η6116

546 3935 580 3997 61
595 3931 738 4014 Hugonc
750 3929 836 3995 Huls
848 3929 1043 4013 justiciariis
1059 3929 1185 3994 domini
1200 3929 1287 4013 regis
1303 3929 1345 3996 ad
1361 3931 1490 4013 gaolam
1504 3929 1630 3994 domini
1645 3929 1732 4012 regis
1744 3929 1846 3995 castri

546 4036 702 4120 Wygorn'
716 4033 963 4100 deliberandam
975 4034 1154 4117 assignatis
1166 4033 1218 4100 die
1230 4034 1367 4100 Veneris
1380 4035 1415 4099 in
1428 4037 1511 4100 16616
1524 4034 1645 4100 866616
1657 4036 1845 4118 Margarete

546 4139 693 4223 Virginis
708 4159 798 4204 anno
814 4137 907 4222 regni
923 4137 1009 4221 regis
1025 4139 1159 4204 Ricardi
1184 4137 1320 4204 secundi
1344 4138 1500 4204 vicesimo
1525 4139 1632 4222 primo
1657 4139 1698 4205 16
1722 4139 1844 4204 1616616

546 4245 695 4329 predicta
710 4265 768 4328 per
780 4243 929 4328 juratam
945 4243 1052 4327 patric
1067 4243 1102 4307 in
1119 4265 1218 4328 quam
1236 4244 1381 4328 separati
1400 4265 1435 4310 se
1459 4246 1641 4328 posuerunt
1665 4243 1844 4328 acquietati

467 4425 471 4432 ¹
544 4351 694 4416 1666661.

581 4669 663 4720 ι816.
873 4671 1098 4723 2’111666661661
1255 4671 1383 4722 ’166166
1394 4686 1494 4722 names.
1589 4671 1669 4722 ’stc
1762 4669 1844 4722 ⁸Sic.

580 4738 590 4767 ⁸
608 4737 662 4786 816.
872 4741 880 4768 ⁴
899 4739 953 4790 MS.
966 4739 1039 4789 qua.
1255 4741 1290 4769 Μ
1307 4738 1480 4788 (1666661661.

579 4803 662 4853 ’Ma
678 4801 769 4852 chu.
1257 4803 1553 4866 111161616666061611.
1596 4805 1612 4834 ¹¹
1631 4801 1733 4852 Twelve
1745 4817 1844 4854 names.
