4364 5736
615 541 664 612 94
1084 557 1291 613 cononnne’
1317 556 1447 611 noris.

613 727 829 812 Radulphum
844 727 879 792 in
892 726 1000 812 capite
1011 731 1044 794 et
1057 749 1134 793 eum
1148 727 1284 793 felonice
1296 727 1472 792 interfecit.
1518 725 1565 791 Et
1580 725 1696 792 statim
1706 731 1782 810 post
1792 726 1919 791 lactum

614 837 733 916 captus
749 833 812 898 fuit
827 835 860 898 el
887 833 1009 898 missua
1034 831 1076 898 ad
1100 832 1243 915 gaietam
1267 830 1394 896 domini
1415 830 1514 914 regie.
1561 831 1686 896 Dicunt
1702 833 1807 896 eciam
1831 830 1919 914 qnod

615 937 786 1003 Johannee
800 938 949 1004 Bartelot
960 941 993 1004 et
1008 939 1156 1020 Rogerue
1166 958 1273 1021 nuper
1283 936 1504 1002 wodewardus
1520 936 1561 1001 de
1576 936 1771 1002 Cherleburi
1787 957 1919 1020 pereus-

615 1044 731 1106 serunt
757 1041 943 1124 predictum
969 1040 1184 1124 Radulphum
1211 1043 1244 1106 et
1265 1040 1512 1105 conceneientes
1528 1043 1561 1106 et
1576 1043 1713 1122 agentes
1728 1041 1771 1105 ad
1791 1040 1920 1106 interfi-

614 1145 769 1210 ciendum
794 1144 931 1211 felonice
955 1145 1081 1210 dictum
1105 1144 1320 1228 Radulphum
1341 1165 1417 1209 cum
1433 1144 1542 1227 gladio
1558 1148 1592 1209 et
1608 1145 1634 1228 j.
1660 1166 1825 1228 gysarme.
1870 1145 1918 1210 Et

614 1249 754 1334 predicti
769 1249 940 1315 Johannee
952 1253 985 1316 et
1001 1251 1149 1332 Rogerue
1171 1248 1267 1314 misai
1289 1250 1425 1314 fuerunt
1447 1249 1490 1314 ad
1513 1249 1656 1332 gaietam
1672 1249 1800 1315 domini
1820 1249 1918 1333 regie.

440 1377 445 1396 ¹
472 1377 510 1414 .=.¹
615 1355 664 1419 De
679 1353 852 1419 inventore
867 1353 969 1418 nichil
984 1353 1062 1437 quia
1074 1353 1191 1420 habuit
1203 1353 1282 1437 jura
1294 1353 1524 1419 ecelesiastica.
1569 1354 1616 1418 Et
1626 1357 1768 1436 quatuor
1778 1354 1920 1419 wardes-

615 1479 693 1523 men
705 1479 781 1522 oum
798 1457 877 1526 tolia
894 1458 1012 1525 wardia
1029 1459 1098 1525 suis
1114 1459 1315 1525 concordant
1331 1459 1393 1524 hoc
1409 1457 1497 1554 idem
1513 1457 1548 1522 in
1564 1457 1732 1524 omnibus.
1765 1458 1918 1524 Precium

615 1563 650 1648 ij.
668 1562 854 1647 gladiorum
870 1563 903 1628 et
919 1563 1063 1646 gicarme
1077 1562 1100 1648 ij
1105 1583 1141 1629 ‚a
1158 1564 1246 1630 unde
1261 1563 1376 1630 villata
1391 1563 1613 1647 respondebit.

681 1893 861 1978 Inquisicio
873 1893 996 1960 ibidem
1006 1895 1105 1977 capta
1120 1891 1172 1958 die
1184 1891 1342 1958 Mercurii
1356 1895 1447 1976 prox’
1460 1895 1536 1976 poet
1551 1892 1675 1958 festum
1687 1891 1814 1958 Pascha
1829 1913 1920 1958 anno

615 1989 709 2080 regni
731 1997 818 2081 regis
841 1997 975 2063 Ricardi
997 1996 1134 2062 secundi
1157 1997 1216 2080 xij⁰
1231 2016 1343 2060 coram
1366 1996 1521 2061 iohanne
1537 1995 1709 2062 Carswelle
1725 2001 1920 2062 coronatore

616 2099 743 2164 domini
758 2099 845 2184 regis
868 2099 903 2164 in
927 2097 1087 2165 comitatu
1104 2100 1207 2165 Oxon'
1224 2099 1394 2182 assignato
1410 2099 1450 2164 de
1466 2102 1574 2164 morte
1596 2100 1617 2165 J
1618 2099 1764 2165 ohannis
1780 2100 1920 2179 Weoler,

616 2203 673 2288 qui
697 2204 784 2270 dicto
811 2203 863 2269 die
887 2203 979 2270 visua
1004 2203 1078 2282 luit,
1101 2224 1160 2288 per
1185 2207 1433 2270 sacramentum
1458 2251 1466 2267 .
1491 2251 1500 2269 .
1525 2204 1559 2268 .²
1582 2224 1660 2269 cum
1690 2204 1767 2288 iiij0‘
1795 2205 1920 2270 villatis

615 2309 767 2376 videlicet
785 2309 972 2376 Stauntone
996 2309 1193 2386 Harecourt,
1217 2307 1435 2392 (larsyntona
1458 2308 1696 2393 Haneburghe‚
1719 2309 1920 2394 Erdyngton

616 2417 649 2480 et
673 2414 879 2499 Eyneeham.
926 2413 990 2495 Qui
1014 2413 1130 2479 dicunt
1156 2434 1215 2498 per
1240 2417 1488 2480 sacramentum
1510 2435 1610 2480 enum
1637 2415 1724 2498 quod
1750 2415 1920 2499 predictus

616 2519 789 2585 iohannes
798 2519 929 2586 Wcolar
941 2519 994 2584 die
1009 2518 1127 2584 Martis
1139 2518 1231 2602 prox'
1244 2521 1318 2601 poet
1332 2519 1455 2583 festum
1468 2518 1593 2584 Pasche
1611 2517 1672 2584 ivit
1687 2519 1723 2584 in
1739 2519 1769 2584 le
1781 2520 1921 2586 Alures³

616 2625 796 2709 campanili
819 2625 862 2690 ad
893 2624 1114 2707 colligendum
1144 2623 1330 2688 columbell'
1355 2625 1389 2688 et
1418 2644 1477 2706 per
1502 2624 1747 2690 infortuniam⁴
1771 2625 1860 2691 cadit
1883 2625 1920 2690 in

507 2760 514 2772 ·
616 2730 717 2796 choro
741 2729 876 2796 ecclesio
900 2728 966 2794 cito
992 2731 1068 2812 post
1094 2728 1212 2794 horam
1238 2748 1364 2793 nonam
1388 2731 1421 2794 et
1449 2731 1556 2794 totum
1582 2750 1701 2813 corpus
1726 2751 1824 2795 cuum
1855 2731 1921 2796 fuit

617 2837 814 2917 quassatum
848 2835 882 2898 et
906 2832 952 2899 eie
979 2832 1183 2898 moriebatur
1213 2834 1247 2898 et
1270 2832 1382 2897 nullus
1407 2833 1581 2917 culpabilis
1619 2833 1660 2899 de
1697 2837 1805 2900 morte
1835 2834 1920 2918 ejua

616 2939 664 3004 Et
679 2938 815 3004 tandem
830 2937 922 3002 venit
938 2937 959 3002 J
960 2937 1108 3002 ohannes
1125 2937 1220 3020 Crips
1236 2939 1268 3002 et
1284 2937 1412 3002 invenit
1435 2938 1560 3002 dietum
1584 2939 1773 3004 iohannem
1789 2940 1920 3004 Weolar

618 3043 665 3110 eic
684 3045 866 3108 mortuum.
912 3041 958 3106 Et
974 3041 1089 3106 atatim
1112 3041 1233 3107 levavit
1256 3041 1426 3106 hutesium
1449 3045 1482 3108 et
1505 3045 1740 3127 prosecutum⁵
1756 3047 1806 3109 est
1821 3043 1921 3109 modo

618 3146 738 3224 debito,
762 3149 795 3212 et
817 3144 944 3212 invenit
959 3145 1084 3231 plegios
1100 3146 1140 3211 de
1160 3145 1322 3212 veniendo
1338 3145 1396 3211 ubi
1411 3149 1444 3212 et
1468 3147 1600 3230 quando
1623 3147 1715 3214 etad
1731 3147 1920 3212 laciendum

618 3251 818 3336 omniaque
836 3250 938 3333 jura⁶
955 3249 1079 3315 fuerint
1101 3248 1254 3316 videlicet
1277 3249 1466 3316 Johannem
1492 3252 1654 3335 Sperman
1678 3254 1712 3318 et
1734 3251 1921 3318 Henricum

619 3357 747 3423 Porter.
792 3357 838 3422 Et
853 3354 928 3439 iiijor
943 3355 1054 3422 villata
1070 3356 1272 3421 concordant
1287 3355 1349 3421 hoc
1361 3355 1450 3420 idem
1465 3356 1501 3421 in
1516 3357 1682 3423 omnibus.

687 3669 865 3756 Inquieicio
879 3671 1003 3738 ibidem
1018 3676 1116 3757 capta
1132 3674 1184 3740 die
1199 3675 1357 3741 Mercurii
1372 3675 1408 3741 in
1431 3677 1543 3760 vigilia
1558 3678 1769 3745 Aesen‘cionis
1785 3680 1922 3748 Domini

447 3769 486 3798 ¹¹³⁶
582 3767 596 3798 ¹²
621 3793 710 3842 anno
725 3795 790 3860 qno
806 3797 908 3860 supra
922 3797 1034 3843 coram
1046 3777 1200 3845 Johanne
1212 3777 1385 3846 Garewelle
1395 3785 1587 3846 coronatore
1602 3781 1729 3848 domini
1744 3783 1842 3867 regie,
1859 3788 1922 3850 etc.

621 3877 661 3944 de
683 3883 791 3946 morte
813 3881 978 3946 iohannis
1002 3881 1147 3962 Cartare,
1171 3882 1228 3967 qui
1250 3882 1339 3949 dicto
1362 3883 1415 3950 die
1432 3884 1524 3950 visus
1548 3885 1622 3964 fuir,
1651 3907 1709 3971 per
1733 3908 1921 3954 sacramen-

621 3987 695 4051 tum
720 4033 728 4050 .
752 4033 761 4051 .
785 3985 818 4051 ‚⁷
840 4007 917 4050 cum
933 3985 1008 4070 iiij⁰r
1027 3985 1150 4054 villatis
1165 3987 1316 4055 videlicet
1341 3989 1525 4074 Shuptone,
1542 3990 1698 4069 Fiffhide,
1715 3993 1922 4060 Foulebroke

622 4089 796 4155 etAscote.
835 4089 898 4170 Qui
910 4089 1026 4156 dicunt
1051 4137 1060 4155 .
1086 4138 1094 4155 .
1119 4138 1128 4156 .
1151 4090 1206 4174 xij.
1223 4092 1398 4177 liberijur’
1410 4114 1486 4158 cum
1496 4093 1573 4178 iiijor
1584 4093 1708 4161 villatis
1719 4097 1923 4162 concordant

461 4183 507 4213 ²⁵
622 4195 685 4262 hoc
696 4195 785 4261 idem
797 4194 833 4259 in
847 4195 1013 4261 omnibus.
1059 4195 1212 4261 Precium
1227 4197 1262 4280 ij.
1279 4218 1439 4281 equorum
1452 4221 1482 4265 x.
1495 4221 1521 4265 e.
1534 4221 1610 4266 cum
1626 4202 1734 4268 cultro
1746 4204 1778 4268 et
1790 4223 1923 4269 vomere

623 4299 712 4367 unde
727 4299 876 4385 predicta
891 4299 1006 4366 villata
1021 4300 1061 4366 de
1077 4299 1216 4367 Miltone
1232 4302 1458 4386 respondebit.

658 4634 690 4665 ¹·¹
709 4633 884 4685 Grosaedout.
951 4633 1078 4684 'Twelve
1090 4649 1189 4684 name.
1296 4649 1342 4686 av.
1355 4635 1476 4701 ‘alure’).
1742 4639 1824 4690 ‘Sic

657 4701 706 4751 'A
728 4701 834 4765 gallery,
858 4716 874 4751 a
896 4715 1005 4763 passage
1022 4701 1106 4750 round
1121 4701 1167 4751 the
1189 4701 1246 4750 rool
1328 4703 1404 4751 ⁵Ms.
1412 4705 1489 4766 pros’,
1499 4701 1612 4769 perhaps
1621 4705 1662 4754 for
1667 4710 1828 4768 presenciae.
1848 4705 1925 4758 ‘sic

624 4767 651 4817 ol
679 4782 695 4818 a
717 4766 817 4819 cburch
838 4767 962 4834 (Murram,
982 4767 1045 4818 Nero
1064 4768 1144 4834 Eapl.
1167 4769 1245 4827 Dici„
1329 4767 1456 4820 'Twelve
1467 4785 1565 4822 names.
1632 4773 1667 4801 Η
1684 4772 1858 4822 Croesedout.
