4372 5724
398 545 401 550 Δ
498 571 600 654 Ι62
887 590 889 594 ·
1020 587 1226 642 ooaoaaas'
1252 589 1380 654 uocas.

339 806 344 816 .
376 779 458 820 Iubam.

376 830 439 870 Mem.
448 831 491 877 td.

525 751 528 756 ’
616 757 745 825 Accidit
760 757 850 843 apud
866 758 981 824 Isham
1003 758 1046 823 in·
1062 758 1175 841 vigilia
1198 757 1468 825 Circumcisionie
1491 759 1627 830 Domini
1644 745 1734 826 anno
1756 761 1851 844 regni

550 861 637 945 regis
652 862 809 928 Edwardi
824 861 925 927 tercio
941 863 1028 947 quod
1045 864 1192 946 quidam·
1205 863 1350 928 Thomas
1373 863 1518 930 Clericus
1534 865 1623 930 filius
1638 864 1809 950 iohannis
1820 866 1850 930 le

361 989 373 1058 j
466 995 468 1000 ·
551 965 761 1054 Ca[r]penter
786 968 825 1032 de
851 968 1092 1052 Norhampton’
1116 971 1269 1033 mortuus
1294 969 1357 1032 fuit
1376 968 1411 1032 in
1428 969 1525 1034 domo
1549 991 1620 1034 sua.
1667 970 1849 1053 Inquisicio

549 1071 626 1136 inde
651 1072 739 1137 facta
763 1091 880 1138 coram·
900 1071 996 1137 ΜΘ
1022 1071 1160 1156 Wyleby
1183 1071 1374 1137 vicecomite
1399 1061 1516 1137 Norht’
1544 1077 1577 1138 et
1602 1067 1646 1137 H.
1671 1073 1849 1157 Daundely
1894 1094 1896 1098 ·

214 1217 217 1224 .
315 1225 319 1234 .
441 1257 443 1262 Ι
549 1177 741 1240 coronatore
764 1197 823 1258 per
847 1175 903 1259 xij.
924 1176 1114 1260 juratores¹
1139 1167 1289 1241 uidelicet
1314 1224 1322 1240 .
1348 1224 1356 1240 .
1381 1177 1412 1240 .²
1446 1179 1478 1242 et
1507 1199 1566 1261 per
1589 1177 1650 1263 iiij.
1674 1177 1741 1242 vill’
1772 1185 1847 1261 'pro-

411 1286 415 1294 '
548 1279 738 1364 pinquiores
763 1281 913 1346 videlicet
937 1281 1062 1359 Isham,
1084 1281 1290 1347 Harwedone
1316 1302 1392 1346 oum
1415 1281 1631 1361 haseccae,
1658 1282 1845 1367 Pychcesle,

549 1385 743 1470 Orlingbere
758 1406 835 1451 curn
850 1385 1058 1472 Wythernale
1074 1389 1107 1453 et
1122 1386 1311 1452 Bateshale.
1336 1435 1344 1452 .
1370 1435 1378 1452 .
1404 1435 1412 1452 .
1432 1455 1434 1459 ,

482 2181 488 2196 ·
613 2137 664 2204 Ad
688 2135 883 2204 comitatum
908 2137 1024 2203 Norht’
1044 2141 1175 2204 tentum
1195 2137 1247 2202 die
1271 2137 1362 2204 Jovis
1384 2137 1420 2202 in
1443 2135 1588 2203 crastino
1613 2109 1728 2204 Sancti
1754 2136 1844 2204 Petri

549 2242 592 2307 ad
606 2242 747 2310 Vincula
762 2263 851 2308 anno
865 2242 961 2326 regni
975 2241 1063 2330 regis
1081 2241 1237 2308 Edwardi
1260 2242 1315 2326 vij.
1339 2242 1429 2308 venit
1452 2241 1554 2313 breve¹
1564 2241 1691 2307 domini
1705 2242 1791 2324 regis
1807 2241 1844 2306 in
1880 2297 1885 2306 .
1965 2257 1970 2270 ”

413 2341 421 2357 ’
547 2348 608 2414 hec
626 2348 732 2413 verba.

614 2451 797 2518 Edwardus
813 2433 873 2516 dei
888 2449 999 2534 gracia
1021 2471 1078 2515 rex
1100 2449 1240 2534 Anglie,'
1252 2449 1406 2515 dominus
1424 2447 1594 2533 Hybernie
1609 2453 1642 2514 et
1663 2447 1728 2513 dux
1744 2447 1844 2531 Aqui-

465 2583 466 2586 *
547 2554 638 2621 tanie
664 2555 848 2621 vicecomiti
870 2555 987 2621 Norht'
1013 2555 1164 2620 salutem.
1210 2553 1415 2647 Precip'imus
1442 2553 1505 2618 tibi
1527 2553 1613 2637 quod
1636 2552 1720 2635 exigi
1742 2553 1845 2618 facias

548 2659 737 2726 Johannem
767 2661 898 2744 Dotyne
929 2659 983 2724 Du
1014 2660 1102 2743 Boys
1133 2659 1172 2724 de
1202 2658 1425 2724 comitatuin
1450 2657 1646 2723 comitatum
1676 2676 1846 2740 quousque

410 2789 413 2796 ·
549 2765 730 2830 secundum
746 2765 851 2847 legem
867 2767 899 2830 et
915 2761 1297 2848 consuetudinemregni
1319 2761 1425 2828 nostri
1448 2761 1614 2845 utlagatur
1631 2761 1741 2826 sinon
1756 2780 1843 2826 corn-

547 2868 707 2970 paruerit.
752 2869 800 2933 Et
827 2867 855 2932 si
881 2865 1103 2972 comparuerit
1126 2869 1207 2931 tunc
1233 2886 1310 2930 eum
1338 2863 1449 2949 capias
1475 2867 1509 2930 et
1535 2865 1624 2930 salvo
1650 2864 1686 2928 in
1708 2863 1845 2948 prisona

548 2976 663 3038 nostra
679 2969 856 3050 custodias,
874 2971 922 3037 ita
938 2969 1024 3055 quod
1043 2969 1167 3035 habeas
1189 2975 1309 3053 corpus
1332 2969 1403 3053 ejus
1419 2989 1531 3069 corana
1547 2968 1642 3034 nobis
1656 2967 1692 3032 in
1708 2966 1843 3034 Octabis

549 3078 582 3146 S.
613 3075 747 3142 Hillarii
775 3075 975 3158 ubicumque
1004 3077 1085 3150 tuno
1110 3072 1270 3138 fuerimus
1294 3071 1329 3137 in
1353 3073 1473 3156 Anglia
1503 3071 1545 3137 ad
1575 3071 1842 3156 respondendum

520 3170 524 3180 ’
545 3180 731 3248 Alexandro
744 3181 786 3245 ¹<le
802 3180 966 3247 Boudone
981 3179 1021 3244 de
1036 3178 1157 3262 placito
1173 3198 1274 3260 quare
1289 3177 1322 3242 vi
1337 3181 1370 3242 et
1386 3177 1488 3259 armis
1510 3177 1547 3242 in
1569 3177 1680 3260 ipsum
1701 3176 1861 3242 Alexan·'

546 3287 644 3352 drum
657 3279 757 3371 ¹apud
777 3284 1061 3369 Bryhelesworthe
1083 3283 1246 3348 insultum
1270 3282 1347 3364 tecit
1371 3285 1404 3347 et
1423 3282 1533 3367 ipsum
1554 3279 1747 3358 verberavit,
1771 3279 1841 3345 vul·
1871 3339 1875 3346 .

484 3429 491 3439 ·
546 3390 676 3478 nerayit
691 3395 725 3456 et
740 3390 827 3455 male
843 3389 1000 3454 tractavit
1017 3390 1049 3453 et
1065 3387 1132 3454 alia
1147 3386 1297 3453 enormia
1311 3377 1342 3452 ei
1357 3387 1471 3454 intuht
1487 3387 1529 3452 ad
1545 3406 1644 3470 grave
1659 3385 1843 3468 dampnum

544 3495 649 3579 ipsius
664 3493 842 3560 Alexandri
865 3495 897 3558 et
920 3495 1037 3573 contra
1058 3513 1174 3576 pacem
1197 3495 1348 3557 nostram
1371 3493 1409 3588 ut
1433 3490 1522 3568 dicit,
1546 3494 1579 3556 et
1602 3489 1699 3581 unde
1712 3493 1750 3554 tu
1772 3487 1843 3572 ipse

544 3598 639 3664 nobis
655 3596 834 3664 retornasti
850 3598 885 3661 in
900 3595 1044 3684 crastino
1068 3595 1183 3662 Sancti
1205 3595 1369 3661 iohannis
1391 3595 1543 3680 Baptista
1566 3593 1653 3678 quod
1675 3593 1842 3678 predictus
1917 3663 1920 3668 ,

449 3711 452 3716 “
500 3781 507 3794 ·
544 3703 715 3768 lohannes
731 3722 798 3766 non
814 3703 865 3767 est
887 3700 1043 3766 inventus
1059 3720 1122 3764 nec
1135 3698 1259 3782 aliquid
1282 3699 1381 3764 habet
1397 3698 1433 3762 in
1448 3699 1570 3764 ballivo
1592 3701 1651 3768 tua
1674 3717 1732 3781 per
1755 3697 1842 3780 quod

543 3809 653 3890 potest
668 3804 841 3871 atachiari.
887 3806 934 3868 Et
955 3804 1078 3868 habeas
1101 3802 1147 3867 ibi
1169 3802 1231 3866 hoc
1253 3802 1361 3867 breve.
1408 3803 1504 3868 'leste
1528 3803 1567 3866 R
1592 3802 1622 3867 le
1649 3801 1842 3866 Brabazone

479 3975 482 3982 .
543 3909 633 3994 apud
648 3909 784 3976 Westm’
801 3929 873 3973 xxv.
890 3909 942 3974 die
957 3908 978 3973 J
980 3907 1051 3972 unii
1066 3927 1154 3972 anno
1170 3905 1264 3989 regni
1279 3905 1386 3971 nostri
1401 3897 1501 3972 sexto.

609 4014 661 4079 Ad
680 4013 866 4098 predictum
884 4012 1079 4077 comitatum
1098 3995 1214 4077 Norht’
1242 4010 1409 4102 predictus
1436 4010 1607 4076 lohannes
1631 4008 1763 4093 Dotyne
1785 4007 1841 4072 Du

542 4117 632 4202 Boys
646 4117 754 4200 primo
769 4113 992 4199 interrogatus
1008 4117 1069 4180 eet.

609 4221 661 4286 Ad
676 4219 872 4286 comitatum
896 4218 1013 4284 Norht'
1030 4219 1163 4282 tentum
1185 4216 1238 4282 die
1261 4216 1353 4282 Jovis
1374 4216 1408 4280 in
1432 4215 1579 4282 crastino
1601 4213 1841 4312 Decollacionis

545 4325 661 4392 Sancti
685 4323 855 4408 ‚iohannis
886 4322 1037 4406 Baptista
1061 4341 1151 4387 anno
1174 4321 1269 4404 regni
1298 4321 1385 4405 regis
1411 4320 1567 4386 Edwardi
1587 4319 1647 4402 vij⁹
1672 4318 1841 4402 predictus
1911 4349 1914 4356 =

543 4429 716 4495 Johannes
731 4428 863 4512 Dotyne
878 4427 933 4511 Du
949 4427 1037 4510 Boys
1053 4425 1197 4492 secundo
1212 4424 1437 4508 interrogatus
1453 4427 1514 4490 est.
1599 4427 1610 4448 '
1912 4421 1916 4430 '

644 4747 651 4776 ¹
664 4745 719 4796 MS.
725 4745 784 4808 jur’
796 4744 858 4794 here
871 4743 922 4795 and
934 4743 1065 4810 generally
1077 4742 1237 4808 throughout
1249 4742 1303 4794 this
1314 4742 1367 4794 and
1379 4741 1424 4794 the
1436 4741 1510 4792 other
1522 4743 1651 4792 coroncrs'
1664 4739 1735 4792 rolla

642 4813 652 4844 ²
668 4813 797 4864 Fourteen
808 4826 907 4862 names.
1861 4809 1864 4813 '
