4364 5736
1069 549 1276 608 OORONERS'
1301 553 1430 609 ROLLS.

939 830 1198 886 HUNDREDUM
1224 833 1277 886 DE
1303 832 1574 888 GELDESBORU.

670 975 817 1055 Quodam
836 976 956 1041 mulier
978 998 1103 1062 pauper
1128 981 1161 1044 et
1184 979 1337 1045 mendica
1361 979 1498 1046 inventa
1523 980 1586 1046 fuit
1611 981 1699 1065 apud
1724 981 1897 1069 Bocheby¹

603 1081 735 1144 mortua
751 1079 802 1143 die
815 1079 906 1146 lovis
922 1084 1012 1163 prox’
1029 1085 1104 1164 post
1119 1083 1242 1147 festum
1259 1081 1373 1147 Sancti
1385 1083 1562 1167 Augustini
1574 1105 1663 1150 anno
1678 1085 1757 1170 xiiij.
1772 1087 1900 1152 habens

603 1181 715 1264 gulam
731 1203 841 1248 cesam
856 1184 944 1249 unde
960 1171 1075 1262 statim
1092 1186 1183 1250 obiit.
1228 1185 1333 1252 Alioia
1345 1207 1426 1252 uxor
1438 1187 1609 1252 Michaelis
1622 1189 1777 1273 Derlinge
1791 1191 1900 1274 primo

603 1307 678 1351 eam
702 1286 829 1353 invenit
854 1309 917 1371 que
948 1289 1137 1356 ²atachiata
1169 1289 1271 1378 [est]²
1295 1311 1353 1374 per
1383 1291 1467 1374 pleg'
1494 1292 1658 1356 Johannis
1689 1294 1836 1359 Frebern
1866 1297 1899 1359 et

602 1389 767 1456 lobannis
783 1391 928 1457 Bercar'.
975 1393 1153 1476 Inquisieio
1176 1393 1253 1458 inde
1274 1395 1371 1477 capta
1386 1393 1449 1458 fuit
1466 1415 1577 1460 coram
1595 1395 1730 1462 Simone
1746 1397 1786 1463 de
1802 1397 1899 1482 Keyl-

602 1493 734 1558 mershe
749 1499 942 1561 coronatore
957 1517 1015 1579 per
1041 1500 1288 1563 sacramentum
1312 1497 1368 1582 xij.
1394 1501 1427 1563 et
1452 1498 1492 1563 de
1516 1498 1576 1582 iiij.
1602 1499 1725 1565 villatis
1748 1500 1900 1566 videlicet

601 1597 781 1676 Watforde,
797 1599 1053 1677 Westhaddone,
1076 1601 1226 1666 Morkote
1249 1603 1282 1666 et
1306 1593 1472 1685 Buclieby,
1489 1601 1546 1684 qui
1568 1602 1684 1668 dicunt
1708 1624 1766 1687 per
1791 1625 1899 1670 sacra·

602 1705 754 1766 mentum
766 1723 865 1767 suum
880 1704 967 1786 quod
977 1703 1029 1770 die
1041 1704 1197 1770 Mercurii
1208 1703 1358 1788 proxima
1368 1705 1527 1788 preterita
1539 1707 1681 1772 Michael
1692 1707 1848 1791 Derlinge
1860 1709 1900 1774 de

602 1806 762 1892 Bukeby³
785 1807 997 1892 hospitabat⁴
1023 1809 1188 1893 quendam
1215 1809 1325 1874 virum
1351 1809 1540 1874 mendicum
1567 1831 1643 1876 oum
1668 1832 1736 1876 nna
1762 1811 1900 1878 muliere

603 1931 744 1994 quorum
759 1911 896 1976 nomina
911 1911 1106 1995 ignorantur
1123 1916 1201 1978 ante
1222 1913 1324 1978 solem
1348 1916 1547 1978 occasuum⁵
1570 1913 1606 1978 in
1632 1915 1774 1998 quadam
1802 1915 1900 1982 domo

601 2035 637 2078 1n
653 2015 745 2079 curia
761 2035 832 2080 sue..
877 2015 924 2080 Et
939 2019 1113 2082 noctanter
1128 2016 1295 2101 predictus
1316 2017 1366 2082 vir
1388 2017 1560 2082 mendicus
1584 2017 1665 2084 cidit
1689 2019 1803 2102 gulam
1826 2039 1899 2102 pre·

602 2118 688 2184 dicte
711 2117 859 2184 mulieris
882 2118 969 2185 unde
993 2119 1107 2185 statim
1132 2120 1223 2199 obiit,
1250 2124 1282 2185 et
1308 2123 1383 2204 post
1408 2120 1490 2186 illud
1514 2123 1640 2187 lactum
1664 2121 1775 2205 posuit
1802 2143 1837 2187 se
1863 2123 1899 2187 in

602 2222 716 2305 fugam
732 2221 878 2287 nescitur
894 2244 968 2306 quo.
1013 2223 1177 2308 Requisiti
1192 2223 1220 2290 si
1236 2225 1355 2308 aliquis
1371 2224 1456 2290 alius
1477 2227 1564 2290 esset
1579 2225 1744 2290 auxilians
1758 2227 1811 2292 vel
1825 2248 1899 2310 pro·

602 2346 723 2391 curans
739 2325 782 2391 ad
796 2325 878 2391 illud
895 2327 1020 2392 factum
1035 2327 1158 2392 'dicunt
1181 2329 1268 2411 quod
1291 2349 1370 2394 non.
1416 2327 1521 2411 Plegii
1545 2329 1716 2394 Michaelis
1743 2331 1899 2414 Derlinge

601 2452 661 2518 pro
691 2452 752 2497 sua
781 2431 983 2515 ospitacione
1013 2431 1174 2499 Ricardus
1205 2434 1323 2500 Gamel
1349 2437 1381 2499 et
1407 2435 1574 2500 Walterus
1603 2434 1693 2502 filius
1723 2435 1898 2502 Johennis.

602 2536 753 2604 Precium
769 2537 892 2604 cultelli
904 2537 930 2622 j.
947 2538 980 2604 d.
1025 2537 1147 2605 Villata
1163 2539 1203 2604 de
1219 2539 1375 2624 Buckeby
1390 2539 1612 2624 respondebit.

667 2932 815 3016 Rogerus
831 2930 871 2997 de
886 2929 1071 2996 Lellelorde
1086 2929 1242 2996 inventus
1258 2929 1321 2995 fuit
1336 2929 1463 2996 occisus
1479 2929 1569 3014 apud
1590 2929 1830 3014 Coldesscheby
1845 2928 1898 2995 die

601 3036 693 3103 Jovis
715 3037 806 3120 prox’
823 3037 901 3101 ante
924 3035 1047 3100 festum
1071 3032 1186 3102 Sancti
1210 3033 1377 3098 Ambrosii
1400 3054 1488 3100 anno
1513 3033 1607 3116 regni
1630 3033 1717 3117 regis
1741 3031 1899 3098 Edwardi

600 3151 655 3208 xv⁰
669 3141 796 3208 habens
811 3139 1000 3224 quendam⁶
1022 3137 1154 3221 plagam
1170 3137 1206 3202 in
1230 3137 1337 3222 capite
1353 3159 1429 3203 cum
1445 3158 1512 3203 uno
1528 3137 1637 3222 gladio
1654 3136 1741 3202 unde
1756 3139 1897 3203 mortem

599 3245 733 3329 recepit.
779 3242 959 3328 Inquisioio
982 3241 1058 3307 inde
1083 3245 1180 3328 capta
1206 3241 1269 3308 fuit
1295 3263 1407 3308 eoram
1434 3243 1549 3310 Simon
1575 3242 1615 3308 de
1642 3241 1896 3326 Keylemersche

598 3352 791 3415 coronatore
805 3369 864 3432 per
880 3349 1126 3412 sacramentum
1142 3345 1196 3428 xij.
1213 3349 1246 3411 et
1262 3346 1301 3411 de
1317 3348 1460 3429 quatuor
1475 3345 1598 3411 villatis
1614 3345 1765 3411 videlicet
1780 3345 1896 3411 Welle·

599 3453 701 3531 forde,
713 3451 962 3533 Gildesburghe,
978 3447 1384 3532 Stavesby,⁷Assohebyet
1401 3448 1593 3533 Thirneby,⁸
1606 3449 1662 3532 qui
1674 3449 1789 3513 dicunt
1807 3495 1814 3511 .
1833 3495 1841 3510 .
1861 3495 1869 3510 .
1888 3495 1896 3511 .

598 3557 783 3641 Requisiti⁹
799 3555 839 3620 de
854 3555 982 3620 catallis
997 3553 1220 3638 predictorum
1233 3554 1253 3618 J
1254 3553 1396 3618 ohannis
1408 3552 1471 3640 [et]
1486 3553 1622 3618 Roberti
1634 3553 1896 3630 malefactorum,

599 3666 649 3728 set
665 3661 768 3726 nichil
790 3659 897 3725 dicere
920 3657 1030 3722 sciunt
1050 3657 1129 3740 quia
1153 3656 1243 3722 istud
1266 3656 1483 3721 homicidium
1508 3657 1634 3722 factum
1650 3655 1713 3720 fuit
1737 3655 1772 3720 in
1796 3655 1895 3720 comi-

598 3769 672 3832 tutu
696 3765 814 3830 Rotel'.
859 3763 906 3827 Et
930 3765 1005 3844 post
1030 3759 1112 3824 illud
1140 3761 1267 3825 lactum
1294 3759 1465 3826 Johannes
1490 3764 1522 3826 et
1548 3761 1713 3826 Robertus
1740 3761 1897 3842 fugerunt

597 3855 743 3935 nescitur
760 3889 834 3952 quo.
881 3866 1033 3932 Precium
1055 3865 1156 3948 gladii
1179 3865 1223 3950 vj.
1240 3865 1272 3930 d.
1290 3866 1378 3931 unde
1402 3865 1569 3932 villatade
1591 3865 1830 3947 Goldesscheby
1846 3883 1895 3928 re·
1926 3907 1928 3912 -

597 3973 771 4061 spondebit
787 3973 822 4038 in
838 3971 967 4038 itinere.

659 4494 829 4560 lohannes
852 4489 940 4556 filius
963 4488 1108 4558 Simonis
1132 4488 1262 4554 Roberd
1289 4488 1328 4554 de
1347 4487 1586 4572 Goldesscheby
1606 4485 1896 4560 constabilerius¹⁰

413 4591 460 4622 ‘⁸⁵⁰
478 4592 490 4622 ⁸
592 4599 748 4666 inventus
774 4596 837 4662 luit
852 4595 978 4662 occisus
994 4594 1083 4678 apud
1099 4593 1339 4678 Coldesscheby
1355 4593 1407 4659 die
1424 4593 1538 4660 Sebeti
1553 4593 1590 4657 in
1609 4592 1754 4659 crastino
1780 4592 1894 4661 Sancti

591 4737 636 4788 the
648 4737 722 4788 other
733 4734 807 4786 three
819 4747 893 4784 esses
905 4747 948 4783 erc
960 4731 1064 4782 entered
1076 4731 1158 4781 under
1169 4730 1215 4780 the
1300 4730 1383 4782 ‘Sic
1517 4731 1598 4782 ‘sia
1711 4729 1865 4806 {Maresha

591 4803 703 4865 heading
727 4799 916 4850 ‘Hundredum
939 4799 970 4848 de
990 4797 1155 4857 Pokebroke,'
1173 4797 1214 4848 ic.
1301 4798 1311 4826 ⁸
1328 4795 1412 4846 There
1423 4796 1446 4846 is
1454 4796 1564 4846 another
1571 4811 1630 4847 csse
1638 4811 1672 4846 on
1683 4795 1737 4846 this
1744 4795 1894 4845 membrano

590 4867 739 4920 Polebroolr.
969 4865 976 4892 ¹
996 4863 1049 4916 Sic.
1268 4861 1331 4914 with
1343 4863 1393 4912 five
1404 4861 1464 4913 ville
1476 4862 1579 4915 instead
1591 4865 1618 4914 ol
1629 4863 1694 4913 lour.

623 4937 658 4966 Μ
675 4935 730 4986 MS.
747 4932 843 4985 abach)
897 4929 978 4983 'Sic
1021 4929 1218 4994 ‘Memnon
1301 4929 1513 4995 ’meamea
1663 4929 1682 4959 ¹⁰
1700 4927 1754 4981 Sic.
