4302 5734
547 569 618 640 125
1018 583 1224 639 conannas
1251 557 1410 638 nonis]

542 757 743 841 juratorum.
799 753 862 836 Qui
893 754 1008 820 dicunt
1033 776 1131 839 super
1159 759 1405 821 sacramentum
1433 772 1533 816 suum
1560 751 1648 835 qnod
1678 752 1846 836 predictus

546 862 717 927 lohannes
734 860 832 944 Tope,
850 860 906 944 qui
922 863 1040 945 captus
1056 861 1119 925 luit
1135 863 1168 926 et
1184 859 1424 943 imprisonatus
1445 858 1480 922 in
1502 858 1597 941 gaola
1620 857 1721 922 castri
1744 857 1845 922 Ebor’

546 987 605 1050 per
619 965 823 1032 Willelmum
834 965 874 1030 de
883 965 1028 1030 Meltone
1040 967 1121 1030 tune
1134 963 1358 1030 vicecomitem
1371 963 1472 1028 Ebor’
1489 982 1549 1046 pro
1564 965 1672 1027 morte
1682 961 1848 1027 iohannis

550 1070 654 1137 Shall'
671 1070 711 1134 de
727 1069 845 1135 Cawod
861 1091 918 1152 per
934 1069 1044 1153 ipsum
1068 1069 1089 1136 J
1090 1069 1258 1135 ohannem
1274 1068 1362 1151 Tope
1379 1071 1417 1132 ut
1432 1066 1554 1132 dicitur
1570 1066 1747 1144 interfecti,
1765 1066 1847 1131 obiit

546 1175 582 1238 in
607 1173 695 1239 dicta
719 1173 813 1256 gaola
838 1174 873 1238 in
900 1174 1092 1258 pestilencia
1117 1177 1150 1238 et
1174 1194 1242 1238 non
1267 1173 1333 1238 alia
1356 1193 1457 1238 causa
1480 1171 1632 1236 videlicet
1653 1170 1705 1236 die
1728 1170 1848 1236 Martis

546 1281 637 1362 prox’
665 1282 740 1362 post
765 1279 888 1344 festum
917 1279 1031 1346 Sancti
1055 1278 1227 1343 Michaelis
1253 1298 1341 1343 anno
1372 1276 1616 1360 quintodecimo
1647 1276 1847 1360 supradicto.

547 1382 646 1449 Visus
662 1386 695 1448 et
711 1384 861 1467 sepultus
875 1405 934 1466 per
952 1383 1122 1450 Simonem
1138 1382 1178 1448 de
1193 1381 1405 1466 Elvyngtone
1421 1384 1660 1446 coronatorem.

373 1637 473 1676 Hectit·
613 1620 718 1686 Alicia
737 1641 800 1704 qne
815 1621 879 1686 fuit
896 1642 976 1686 uxor
999 1620 1137 1686 Henrioi
1153 1621 1349 1686 Mareshalls
1365 1621 1405 1686 de
1420 1621 1577 1703 Haytons
1593 1619 1684 1686 venit
1700 1619 1734 1684 in
1751 1620 1849 1704 pleno

548 1725 708 1790 comitatu
734 1724 835 1790 Ebor’
861 1727 954 1790 tento
980 1725 1102 1789 ibidem
1129 1725 1182 1790 die
1206 1725 1302 1790 Lune
1327 1729 1417 1810 prox'
1445 1728 1521 1809 post
1546 1726 1669 1790 festum
1694 1723 1849 1808 Corporis

372 1840 492 1930 §lif-”mm
549 1829 673 1896 Christi
711 1849 800 1894 anno
838 1827 931 1912 regni
961 1829 1049 1912 regis
1078 1828 1212 1894 Ricardi
1243 1828 1426 1913 supradicti
1456 1828 1701 1913 quintodecimo
1737 1848 1850 1894 coram

373 1941 422 1980 ¹⁰¹²
437 1941 523 1980 Μοὺθ-1
549 1933 723 2016 Radulpho
740 1933 780 1998 de
795 1933 886 1998 Euer
901 1935 981 1999 tnnc
997 1933 1168 1999 vicecomit
1170 1955 1187 1998 e
1155 1932 1315 2010 t'‚Ebor
1329 1933 1484 1999 Johanne
1500 1933 1540 1999 de
1556 1935 1697 1999 Moreet
1683 1933 1850 1999 tSimons

373 2043 409 2082 ¹³¹¹
396 1993 475 2093 ¹¹¹¹¹¹<¹¹¹⁶
550 2038 590 2103 de
616 2038 826 2122 Elvyngtone
856 2058 977 2102 corona
978 2037 1105 2102 toribus
1135 2039 1236 2102 Ebor’
1274 2040 1308 2102 et
1345 2037 1491 2121 appellat
1521 2038 1719 2104 Nicholaum
1742 2037 1850 2100 filium

550 2142 714 2208 iohannis
739 2132 935 2208 Nicholsone
950 2141 991 2206 de
1006 2142 1162 2226 Haytons
1178 2143 1218 2207 de
1234 2162 1272 2207 ec
1293 2141 1412 2258 quod.
1403 2162 1473 2225 lpse
1496 2142 1549 2207 die
1570 2141 1670 2207 Mart'
1646 2145 1690 2207 trs
1713 2141 1781 2224 xiij.
1798 2139 1851 2206 die

551 2245 645 2312 Junii
668 2267 757 2313 anno
779 2247 873 2330 regni
898 2245 984 2328 regis
1011 2245 1145 2311 Ricardi
1169 2246 1308 2330 predicti
1332 2245 1411 2330 xiiij.
1429 2246 1517 2330 apud
1540 2247 1697 2330 Haytone
1713 2243 1851 2310 felonice

551 2351 716 2417 interfecit
727 2351 912 2436 predictum
928 2349 1111 2416 Henricum
1128 2350 1325 2415 Mareshalle
1341 2349 1509 2433 quondam
1524 2349 1634 2415 virum
1645 2369 1755 2413 snum.
1799 2347 1848 2412 Et

551 2455 613 2520 hoe
644 2455 739 2522 offert
762 2455 929 2521 verificare
960 2475 1018 2539 per
1048 2454 1203 2538 patriam.
1256 2454 1359 2540 Plegii
1382 2454 1422 2522 de
1445 2455 1574 2540 appello
1596 2453 1783 2523 Willelmus
1811 2451 1852 2518 ds

551 2560 711 2640 rencone,
728 2561 892 2628 Robertus
908 2560 949 2627 de
963 2559 1148 2626 Rudstane.

1015 3127 1389 3228 [vomrsmsnr]

378 3341 464 3381 ΗΘΜ-1
551 3343 730 3398 ROTULUS
747 3344 902 3397 AMANDI
921 3345 1050 3398 VEYLE
1066 3345 1188 3399 UNIUS
1201 3343 1490 3399 CORONATORUM
1504 3344 1725 3400 COMITATUS
1738 3346 1853 3399 EBOR’

622 3432 675 3485 DE
703 3432 1014 3498 QUIBUSCUMQUE
1043 3433 1432 3486 PRESEN'PACIONIBUS
1462 3433 1588 3486 SUPER
1615 3433 1741 3488 VISUM
1768 3435 1854 3487 COR·

622 3518 757 3572 PORUM
777 3519 853 3572 PER
872 3520 994 3574 IPSUM
1014 3520 1215 3574 AMANDUM
1240 3517 1397 3590 CAPTUS]
1417 3519 1460 3572 IN
1482 3519 1638 3574 OFFICIO
1660 3521 1855 3574 PREDICTO

622 3607 676 3660 DE
694 3605 800 3660 ANNO
819 3607 943 3660 REGNI
963 3607 1081 3661 REGIS
1100 3607 1263 3662 RIGARDI
1283 3607 1455 3661 SECUNDI
1474 3606 1567 3660 POST
1589 3607 1854 3673 CONQUESTUM

622 3694 770 3747 ANGLIE
789 3694 1093 3749 TERCIODEOIMO.

619 3839 797 3923 inquisicio
816 3843 913 3924 capta
936 3839 1025 3925 apud
1048 3837 1293 3923 Nessyngwyke
1309 3838 1361 3903 die
1377 3837 1513 3904 Veneris
1529 3841 1620 3922 prox'
1638 3839 1856 3904 antefactum

555 3943 670 4012 Sancti
696 3942 829 4010 Hillarii
854 3963 943 4008 anno
969 3943 1063 4027 regni
1087 3943 1173 4026 regis
1200 3942 1335 4008 Ricardi
1364 3941 1507 4009 Secundi
1532 3946 1607 4025 post
1638 3946 1857 4026 conquestum

554 4047 672 4131 Anglie
688 4047 759 4131 xiij⁰
774 4068 885 4113 coram
901 4046 1054 4112 Amando
1070 4047 1170 4130 Veyle
1194 4067 1261 4112 uno
1284 4051 1518 4112 coronatorum
1541 4045 1625 4112 oom’
1641 4046 1742 4111 Ebor’
1758 4066 1858 4129 super

554 4151 664 4217 visum
687 4151 832 4234 corporis
856 4152 1020 4217 iohannis
1043 4150 1104 4215 filii
1128 4149 1283 4216 Willelmi
1307 4149 1440 4216 Braken
1463 4150 1503 4216 de
1531 4149 1775 4235 Nessyngvvyke
1797 4171 1857 4233 per

554 4255 685 4322 villatas
702 4256 741 4320 de
758 4255 1011 4340 Nessyngwylre,
1036 4255 1179 4333 Hotone‚
1202 4255 1378 4338 Bayntone
1394 4257 1427 4320 et
1445 4254 1551 4321 South
1567 4255 1680 4320 Brune
1697 4274 1858 4319 unacum

380 4375 530 4416 1n¹0rtun1um
554 4359 611 4444 xij.
642 4359 834 4425 hominibus
881 4407 889 4424 .
938 4407 946 4424 .
994 4360 1016 4424 ‚²
1044 4357 1178 4442 juratis.
1239 4357 1303 4439 Qui
1332 4357 1448 4424 dicunt
1480 4379 1578 4443 super
1609 4360 1858 4424 sacramentum

380 4475 464 4566 Ρξῗᾱὼ
555 4485 654 4531 suum
680 4511 722 4528 ..
771 4511 778 4528 .
826 4511 834 4528 .
879 4463 926 4527 Et
942 4461 1226 4546 equs³predictus
1238 4461 1448 4546 appreciatur
1465 4463 1507 4529 ad
1523 4463 1566 4528 xl.
1582 4463 1614 4529 d.
1632 4463 1720 4530 unde
1734 4461 1858 4530 Willel-

420 4554 426 4565 ⁸
555 4591 631 4636 mus
647 4569 686 4635 dc
704 4567 835 4635 Braken
852 4568 892 4634 de
908 4567 1133 4651 Nessyngwylr
1148 4567 1369 4651 respondebit.

602 4881 608 4912 ¹
626 4879 686 4930 Roll
698 4881 754 4939 249.
773 4881 821 4930 tvo
839 4878 1010 4938 membranas,
1023 4876 1190 4996 ialal—lli?
1203 4877 1251 4996 nd
1298 4947 1308 4996 t
1371 4881 1380 4910 ²
1398 4877 1499 4930 Twelve
1511 4893 1609 4930 names.
1744 4881 1753 4908 ¹
1772 4878 1825 4930 Sic.

1164 4959 1233 4995 resse
1263 4959 1315 4996 ou.
