4364 5736
591 492 638 564 73
1059 507 1266 566 oosouncs’
1292 509 1421 566 coms.

590 678 755 746 Robertus
770 679 904 745 exectus
921 677 985 744 ruit
1000 677 1043 744 ud
1060 677 1257 762 exigendum
1272 678 1458 761 predictum
1473 679 1655 748 Robertum
1671 681 1712 748 de
1726 680 1889 750 comitutu

590 782 627 848 in
643 782 838 849 comitatum
853 782 1011 866 procedas
1034 801 1203 866 quousque
1226 782 1409 848 secundum
1431 783 1537 867 legem
1560 787 1593 852 et
1615 787 1889 854 consuetudinem

591 885 686 970 regni
701 885 808 951 nostri
830 886 996 968 utlegetur
1020 885 1049 950 si
1071 905 1139 948 non
1160 885 1392 968 comparuerit.
1437 887 1483 952 Et
1508 886 1537 952 si
1560 889 1784 972 comparuerit
1807 893 1889 956 tunc

592 1011 668 1056 eum
692 989 803 1072 cupies
825 992 858 1055 et
883 989 973 1055 selvo
1003 988 1039 1053 in
1062 987 1197 1072 prisone
1219 992 1336 1056 nostre
1366 989 1542 1068 custodies,
1570 991 1618 1058 ite
1648 994 1735 1078 quod
1764 995 1889 1061 habeas

592 1114 710 1177 corpus
727 1093 798 1176 ejus
821 1112 932 1158 coram
955 1091 1050 1158 nobis
1066 1112 1086 1157 e
1101 1091 1153 1157 dic
1177 1093 1303 1158 Pesche
1325 1092 1361 1158 in
1386 1113 1492 1160 unum
1517 1115 1666 1161 mensem
1691 1097 1891 1182 ubicumque

592 1200 672 1264 tunc
688 1196 848 1262 fuerimus
864 1195 899 1260 in
914 1195 1035 1279 Anglie
1050 1196 1093 1261 ed
1108 1195 1376 1279 respondendum
1398 1197 1527 1280 prefate
1549 1199 1695 1281 Angneti
1719 1200 1760 1266 de
1782 1205 1890 1267 mortc

592 1300 750 1385 predicte.
795 1301 842 1366 Et
868 1300 991 1366 habeus
1015 1298 1062 1364 ibi
1088 1298 1150 1364 hoc
1180 1300 1288 1365 breve.
1336 1301 1432 1368 Teste
1458 1300 1498 1364 R.
1525 1300 1555 1366 le
1580 1301 1773 1369 Brebczone
1800 1305 1889 1388 upud

592 1404 926 1474 Westmonesterium
941 1402 1011 1486 viij.
1028 1401 1081 1468 die
1096 1403 1192 1468 Febr'
1209 1423 1298 1469 enno
1312 1403 1407 1485 regni
1422 1403 1508 1488 regis
1523 1405 1679 1472 Edwardi
1694 1405 1818 1490 xxxiij0.

659 1510 712 1576 Ad
736 1509 877 1575 eundem
901 1507 1097 1574 comitatum
1120 1507 1269 1590 predicte
1292 1507 1426 1592 Angues
1449 1512 1624 1591 prosecute
1649 1512 1700 1576 est
1720 1511 1889 1595 appellum

594 1635 692 1680 suum
708 1613 748 1679 de
770 1614 876 1678 morte
897 1611 1037 1695 predicti
1052 1609 1189 1678 Wolteri
1211 1611 1378 1694 quondum
1402 1610 1466 1678 viri
1489 1611 1541 1678 sui
1564 1631 1679 1678 versus
1702 1613 1888 1697 predictum

593 1719 774 1784 Robertum
790 1715 847 1800 qui
861 1735 930 1782 non
945 1713 1046 1781 venit.
1091 1715 1170 1781 Ideo
1185 1713 1236 1798 iij⁰
1250 1718 1383 1782 exectus
1399 1718 1460 1782 est.

658 1823 710 1888 Ad
740 1820 936 1888 comitatum
966 1818 1083 1886 Norht'
1115 1819 1167 1884 die
1198 1819 1289 1886 Jovis
1319 1819 1355 1884 in
1385 1820 1469 1886 festo
1497 1820 1755 1889 Auunciecionis
1784 1823 1888 1889 Becte

592 1925 698 1992 Meris
712 1923 860 2009 predicte
875 1924 1008 2006 Angues
1023 1925 1197 2006 prosecute
1212 1925 1262 1988 cst
1278 1923 1444 2006 appellum
1460 1943 1559 1989 suum
1572 1945 1686 1991 versus
1700 1924 1889 2010 predictum
1997 1937 2003 1948 '

592 2029 773 2096 Robertum
789 2026 846 2111 qui
860 2029 1082 2109 manucaptus
1098 2027 1149 2090 est
1164 2047 1222 2110 per
1238 2025 1399 2092 Jccobum
1414 2026 1445 2092 le
1461 2026 1590 2093 Criour.

659 2131 710 2196 Ad
725 2129 920 2196 comitatum
936 2129 1052 2195 Norht’
1070 2128 1123 2193 die
1138 2128 1230 2194 Jovis
1245 2130 1336 2212 prox'
1353 2132 1432 2196 unte
1454 2130 1578 2196 festum
1596 2131 1629 2198 S.
1646 2130 1752 2198 Murci
1766 2132 1886 2198 Euan·

593 2233 708 2320 geliste
724 2254 812 2300 enno
827 2232 921 2316 regni
935 2231 1022 2316 regis
1037 2232 1194 2298 Edwardi
1209 2233 1321 2315 xxxiij⁰
1335 2230 1483 2316 predicte
1498 2235 1631 2317 Angues
1647 2237 1821 2318 prosecute
1836 2239 1887 2301 cst

593 2337 760 2423 appellum
776 2357 875 2402 suum
890 2355 1005 2402 versus
1020 2335 1204 2419 predictum
1215 2336 1397 2404 Robertum
1409 2337 1516 2402 filium
1527 2337 1662 2404 Riccrdi
1676 2339 1707 2404 le
1716 2339 1886 2406 Welckere

593 2442 633 2506 de
656 2439 824 2507 Grendon’
848 2438 906 2523 qui
926 2459 994 2504 non
1017 2438 1118 2504 venit.
1163 2439 1242 2505 Ideo
1264 2460 1323 2523 per
1346 2439 1647 2508 consideracionem
1669 2444 1703 2508 et
1722 2441 1886 2526 judicium

592 2543 698 2612 tocius
714 2543 892 2612 comitatus
908 2543 1076 2626 utlcgctus
1092 2545 1154 2609 est.

926 2901 1549 3006 [NORTHAMPTONSHIREJ]

1090 3101 1382 3158 Bessmcssuunr

931 3238 1191 3294 HUNDREDUM
1215 3239 1269 3292 DE
1293 3237 1548 3296 Honnsnown.

507 3429 520 3459 0
657 3385 784 3453 Accidit
807 3383 896 3469 spud
918 3383 1075 3468 Tyndene
1098 3381 1150 3448 die
1177 3381 1314 3450 Subbuti
1338 3383 1427 3466 prox’
1452 3386 1527 3466 post
1548 3383 1670 3450 festum
1694 3385 1887 3456 Natiuitatis

591 3493 694 3560 Beate
709 3489 815 3556 Meris
829 3487 974 3570 Virginis
989 3507 1077 3551 anno
1092 3486 1186 3568 regni
1201 3485 1287 3570 regis
1309 3485 1465 3552 Edwardi
1486 3497 1541 3552 xv⁰
1555 3488 1641 3570 quod
1665 3489 1800 3572 quidum
1816 3493 1887 3558 Gil-

591 3599 706 3663 hertus
721 3595 880 3660 Biestoun
896 3593 936 3658 de
952 3591 1110 3675 'syndone
1125 3590 1265 3656 moritur
1278 3592 1290 3627 ²
1305 3589 1341 3654 in
1357 3591 1454 3656 domo
1477 3612 1538 3657 sua
1560 3593 1694 3676 proprie.
1717 3597 1888 3661 confessus

592 3704 626 3770 ct
648 3697 911 3766 communicatus
940 3696 1067 3760 hebens
1093 3695 1262 3778 quandum
1289 3695 1422 3778 plegem
1448 3694 1484 3758 in
1508 3695 1616 3760 fronte
1643 3716 1718 3761 cum
1743 3699 1886 3780 quodem

591 3806 716 3874 beletus
737 3807 775 3870 ut
789 3801 930 3867 videtur.
975 3798 1154 3883 Inquisicio
1176 3798 1254 3864 inde
1277 3799 1365 3864 fectu
1387 3819 1498 3864 corum
1521 3799 1565 3864 H.
1582 3799 1622 3864 de
1645 3800 1887 3884 Tychcmershe

624 4529 631 4557 ¹
648 4523 708 4576 Roll
721 4525 778 4582 109,
790 4525 834 4572 ten
855 4519 1028 4576 membraneo,
1041 4517 1122 4568 14-17
1137 4515 1210 4566 Edu.
1294 4515 1362 4566 'On
1382 4516 1533 4567 membrano
1549 4519 1563 4566 1
1581 4516 1654 4568 there
1671 4518 1797 4582 cresight
1813 4535 1884 4571 more

589 4592 642 4651 11.;
660 4593 730 4640 most
752 4589 780 4640 ot
802 4586 848 4637 the
871 4587 989 4648 inquestr
1007 4583 1101 4644 belong
1118 4586 1146 4632 to
1165 4581 1211 4632 the
1261 4580 1379 4643 inquests
1408 4582 1441 4645 by
1464 4582 1522 4632 tour
1545 4582 1605 4633 ville
1630 4585 1715 4634 before
1742 4585 1833 4648 Henry
1857 4587 1884 4636 ot

589 4673 651 4723 yser
663 4659 694 4708 15
706 4656 778 4705 Edu.
790 4655 834 4712 11..
846 4653 897 4704 end
910 4665 974 4701 were
992 4649 1069 4700 mede
1081 4653 1143 4712 ‘per
1161 4647 1210 4710 iiij.
1261 4647 1429 4697 Titchmersh
1443 4647 1503 4712 (one
1513 4647 1536 4698 le
1545 4649 1709 4700 hstoredohn
1717 4651 1743 4699 ot
1754 4651 1884 4716 Ashton);

588 4723 644 4774 γῆν
673 4721 829 4785 propinq'3’
859 4733 930 4768 some
953 4729 1018 4766 were
1046 4713 1122 4762 mede
1145 4719 1211 4776 ‘per
1260 4713 1311 4762 five
1322 4713 1350 4762 of
1361 4711 1434 4762 them
1446 4727 1489 4762 cre
1502 4713 1606 4764 entered
1616 4715 1697 4764 under
1708 4715 1753 4765 the
1764 4715 1885 4767 hundred

589 4791 781 4840 sacromentum
793 4785 839 4849 xij.
852 4784 920 4834 etde
933 4785 1043 4845 quatuor
1056 4779 1171 4830 villatis)
1260 4779 1287 4828 ot
1299 4779 1409 4837 Huxlos,
1422 4778 1520 4840 though
1534 4795 1605 4829 some
1616 4781 1643 4831 ot
1656 4780 1702 4830 the
1714 4785 1720 4808 ⁸
1730 4781 1884 4844 neighbour-

620 4857 630 4886 ε
649 4855 703 4908 δίο,
1260 4843 1305 4907 ing
1315 4847 1320 4869 ¹
1334 4843 1394 4896 vilis
1402 4859 1445 4895 ure
1457 4845 1485 4895 in
1497 4845 1542 4896 the
1554 4845 1673 4897 hundred
1685 4847 1712 4899 ot
1723 4847 1884 4910 Polebrook;
