4302 5734
1101 591 1307 646 OORONERS'
1335 591 1463 646 ROLLS.

1133 871 1433 927 HOLDERNESSE.

631 1019 810 1072 RO'I'ULUS
829 1017 1033 1071 WILLELMI
1054 1017 1107 1070 DE
1127 1015 1428 1071 FROTHYNGHAM
1447 1015 1606 1070 BALLIVI
1626 1015 1858 1068 LIBERTATIS
1878 1016 1931 1068 DE

702 1106 987 1159 IIOLDERNESSE
1015 1105 1068 1157 DE
1095 1105 1406 1158 INDICTAMENTIS
1425 1105 1466 1156 IN
1486 1103 1632 1157 TURNIS
1655 1104 1741 1157 SUIS
1763 1103 1932 1156 TURNUM

702 1194 954 1248 VICECOMITIS
973 1192 1249 1246 TANGENTIBUS
1268 1192 1292 1243 Α
1311 1191 1431 1244 FESTO
1446 1189 1581 1244 SANCTI
1595 1190 1814 1243 MICHAELIS
1827 1189 1932 1242 ANNO

703 1281 827 1334 REGNI
855 1280 972 1333 REGIS
1000 1280 1188 1332 EDWARDI
1216 1279 1349 1332 TERCII
1375 1279 1468 1331 POST
1496 1278 1760 1343 CONQUES'I'UM
1787 1277 1932 1331 XXXVTO

703 1368 831 1431 USQUE
869 1367 1027 1421 FESTUM
1065 1366 1313 1420 NATIVITATIS
1352 1365 1489 1419 SANCTI
1516 1365 1712 1420 IOHANNIS
1743 1364 1931 1418 BAPTiSTE

701 1456 804 1509 TUNG
824 1455 934 1508 PROX'
956 1455 1142 1520 SEQUENS.

567 1633 588 1662 a
697 1597 876 1681 Inquisicio
892 1601 990 1682 capta
1006 1598 1094 1682 apud
1114 1598 1313 1682 Kayngbam
1339 1598 1390 1663 die
1413 1597 1569 1664 Mercurii
1591 1600 1683 1682 prox'
1707 1601 1785 1663 ante
1809 1599 1932 1664 festum

631 1703 863 1786 Apostolorum
889 1702 1033 1768 Simonis
1057 1705 1089 1768 et
1113 1703 1198 1768 Iuda
1222 1723 1311 1767 anno
1334 1702 1428 1784 regni
1450 1703 1537 1785 regis
1560 1702 1716 1768 Edwardi
1736 1702 1830 1768 tercii
1856 1705 1932 1786 post

631 1811 847 1890 conquestum
863 1808 969 1872 xxxv⁸⁰
984 1829 1095 1872 coram
1111 1806 1274 1872 Willelmo
1293 1807 1333 1872 de
1352 1806 1606 1890 Frothyngham
1625 1797 1745 1872 bal'livo
1767 1805 1932 1872 libertatis

631 1911 671 1974 de
687 1911 907 1976 Holdernessc
923 1912 958 1974 in
974 1915 1074 1976 turno
1091 1931 1150 1976 suo
1173 1911 1212 1976 da
1235 1910 1373 1976 diversis
1398 1911 1546 1976 articulis
1569 1913 1708 1974 turnum
1731 1910 1933 1977 vicecomitis

631 2014 844 2096 tangentibus
859 2036 918 2098 per
933 2019 1180 2080 sacramentum
1226 2063 1234 2080 .
1283 2062 1291 2079 .
1338 2015 1357 2079 .¹
1373 2014 1573 2096 juratorum.
1620 2013 1683 2094 Qui
1699 2035 1814 2080 omnes
1826 2013 1932 2098 jurati

631 2118 746 2182 dicunt
762 2139 819 2200 per
837 2123 1083 2184 sacramentum
1100 2138 1198 2182 suum
1214 2118 1300 2201 quod
1321 2117 1500 2182 Nieholaus
1516 2117 1620 2183 Cokes
1635 2117 1755 2182 milner
1771 2117 1824 2183 dia
1839 2118 1932 2182 Jovis

630 2221 720 2304 prox'
734 2225 811 2286 ante
825 2223 946 2287 festum
960 2221 1151 2287 Natiuitatis
1166 2222 1280 2288 Sancti
1296 2222 1460 2287 Iohannis
1473 2221 1624 2304 Baptista
1637 2242 1726 2286 anno
1736 2222 1830 2304 regni
1845 2223 1933 2303 regis

629 2325 787 2390 Edwardi
802 2347 891 2391 nunc
908 2325 1003 2410 xxijr
1019 2327 1107 2410 apud
1122 2327 1225 2392 Rosse
1242 2326 1378 2391 salonica
1394 2325 1560 2391 interfecit
1583 2325 1766 2392 Robsrtum
1792 2326 1932 2409 Smythe

630 2430 670 2494 de
687 2429 868 2513 Eluardby.

696 2535 783 2598 Item
808 2533 923 2598 dicunt
948 2532 1035 2617 quod
1062 2533 1226 2600 Robertus
1253 2534 1386 2599 Turnur
1413 2535 1453 2600 de
1478 2535 1616 2600 Hedone
1647 2534 1700 2600 die
1733 2534 1870 2601 Sabbati
1896 2535 1933 2598 in

629 2637 741 2720 vigilia
766 2637 881 2704 Sancti
904 2637 1017 2704 Jacobi
1041 2639 1189 2721 Apostoli
1212 2659 1301 2704 anno
1324 2639 1417 2722 regni
1439 2640 1526 2722 regis
1548 2640 1705 2705 Edwardi
1723 2660 1812 2705 nunc
1827 2643 1935 2705 usurtu

632 2740 721 2825 apud
737 2741 896 2806 Prestone
913 2741 1049 2808 felonice
1065 2741 1231 2808 interiecit
1247 2742 1353 2808 Adam
1370 2743 1410 2809 de
1426 2743 1536 2808 Halm’
1554 2744 1665 2809 boller.

697 2845 782 2909 Item
799 2844 914 2909 dicunt
931 2845 1016 2928 quod
1033 2846 1216 2912 Willelmus
1233 2846 1272 2911 de
1287 2846 1483 2930 Waynefiet’
1500 2847 1651 2932 tynkeler
1668 2848 1804 2914 salonica
1819 2849 1934 2933 rapuit

630 2947 737 3014 Adam
755 2970 889 3013 uxorem
906 2949 926 3014 J
928 2948 1070 3014 ohannis
1087 2951 1207 3015 Milner
1223 2951 1312 3034 apud
1327 2951 1458 3034 Holeyn
1482 2952 1534 3016 die
1557 2953 1715 3018 Mercurii
1737 2955 1827 3037 prox’
1852 2958 1933 3019 ante

631 3054 753 3117 festum
783 3053 904 3119 Sancte
932 3051 1105 3118 Trinitatis
1133 3075 1222 3120 anno
1246 3055 1340 3138 regni
1364 3055 1450 3138 regis
1473 3055 1628 3121 Edwardi
1652 3079 1742 3122 nunc
1766 3061 1871 3123 uuusto
1898 3063 1933 3124 et

629 3155 739 3239 ipsam
770 3156 904 3223 violavit
935 3156 1075 3222 invitam
1106 3157 1154 3223 ita
1185 3159 1271 3242 quod
1298 3158 1387 3224 inira
1413 3159 1563 3225 triduum
1590 3161 1771 3228 deliberata
1797 3163 1860 3228 tuit
1891 3163 1933 3228 de

632 3260 776 3342 quodam
793 3281 895 3342 puero
910 3261 1058 3326 masculo
1073 3265 1215 3328 mortuo.

625 3377 629 3383 '
697 3363 784 3428 Item
811 3363 926 3430 dicunt
952 3365 1038 3448 quod
1067 3365 1185 3430 Matill'
1211 3367 1364 3432 Bochard
1389 3367 1441 3432 dic
1467 3367 1563 3434 Luna
1589 3370 1681 3453 prox'
1706 3375 1781 3454 post
1808 3371 1933 3437 tastum

630 3467 822 3533 Natiuitatis
841 3469 955 3534 Sancti
971 3469 1136 3534 Jobannis
1152 3471 1302 3554 Baptista
1325 3492 1414 3536 anno
1437 3473 1530 3552 regni
1553 3473 1639 3556 regis
1661 3475 1818 3540 Edwardi
1840 3497 1932 3540 nunc

629 3575 734 3638 xxwi
758 3573 847 3656 apud
872 3573 1047 3656 Wellwyka
1072 3573 1202 3657 'Iborpe
1233 3574 1385 3639 iuratus²
1415 3576 1478 3640 fuit
1508 3576 1543 3659 ij.
1575 3579 1743 3661 quarteria
1770 3581 1934 3646 frumenti

630 3680 664 3743 et
687 3677 721 3760 ij.
747 3678 916 3761 quarteria
938 3677 1029 3743 ordei
1045 3678 1209 3744 Iohannis
1226 3680 1422 3763 Tennysone
1438 3679 1477 3745 de
1493 3681 1668 3767 Wellwyke
1684 3683 1813 3768 Thorpe
1828 3685 1934 3768 precii

454 3756 547 3846 ul·-
630 3781 866 3865 xiij.s.iiij.d.

698 3887 784 3951 Item
801 3887 917 3951 dicunt
934 3887 1020 3969 quod
1037 3887 1206 3953 Thomas⁴
1222 3889 1358 3972 Harpur
1375 3888 1415 3954 de
1430 3891 1556 3956 Arnall’
1573 3890 1626 3957 die
1642 3893 1733 3958 Jovis
1748 3897 1838 3977 prox'
1855 3899 1934 3978 post

630 3991 753 4056 festum
783 3991 904 4056 Sancta
929 3990 1116 4073 Margarete
1142 3991 1287 4074 Virginis
1313 4013 1402 4058 anno
1429 3994 1523 4078 regni
1549 3996 1636 4080 regis
1662 3997 1818 4064 Edwardi
1840 4019 1933 4064 nunc

631 4095 742 4178 xxxiij⁰
765 4093 853 4177 apud
877 4093 1000 4159 Routh'
1024 4098 1199 4160 noctanter
1221 4096 1375 4178 burgavit
1399 4098 1535 4164 domum
1560 4101 1677 4184 Nigelli
1698 4103 1874 4170 Walraven
1899 4109 1935 4170 et

631 4199 710 4265 inde
726 4199 849 4263 furtive
864 4198 950 4282 cepit
966 4202 999 4264 et
1015 4199 1198 4282 asportavit
1213 4202 1434 4285 quadraginta
1451 4204 1571 4270 solidos
1595 4206 1630 4270 in
1654 4207 1799 4273 denariis
1814 4229 1933 4275 nume-

631 4303 713 4371 ratis
729 4303 833 4387 ipsius
850 4301 979 4386 Nigeili.

697 4407 783 4473 Item
800 4407 915 4473 dicunt
935 4407 1021 4491 quod
1045 4407 1216 4473 Iohannes
1241 4409 1360 4493 Sayme
1384 4411 1424 4477 de
1447 4413 1567 4479 Beford
1592 4415 1728 4482 felonice
1750 4419 1934 4501 receptavit

632 4513 757 4577 dictum
774 4511 936 4576 Thomam
959 4513 1096 4596 Harpur
1119 4515 1193 4596 post
1217 4513 1339 4579 dictam
1363 4516 1519 4583 teloniam
1543 4521 1668 4586 tactam
1690 4521 1796 4586 sciens
1819 4522 1933 4604 ipsum

610 4617 794 4702 'Thomam
812 4615 935 4680 dictam
959 4615 1150 4698 burgariam
1174 4616 1288 4682 iecisse
1312 4623 1344 4684 et
1368 4619 1454 4685 bona
1476 4626 1509 4687 at
1533 4623 1653 4689 catalla
1676 4625 1782 4709 ipsius
1805 4626 1934 4692 Thome

666 4819 793 4868 'Twelve
805 4832 904 4867 names.
933 4817 1010 4869 'Sia
1037 4818 1256 4870 ''³Crossedout.
1308 4821 1415 4872 himself
1426 4825 1558 4890 onajury
1569 4827 1597 4877 of
1614 4825 1659 4878 the
1673 4832 1790 4892 country,
1804 4828 1892 4890 ‘ponit
1905 4845 1934 4878 se

667 4887 723 4934 ‘In
748 4884 792 4934 the
816 4884 873 4932 Roll
894 4899 928 4948 po
951 4885 973 4932 is
994 4885 1095 4933 written
1120 4901 1180 4934 over
1202 4887 1256 4935 this
1308 4890 1525 4952 superpatriarn.’
1556 4889 1558 4896 '

632 4967 724 5010 name;
745 4950 858 5014 perhaps
877 4949 897 4998 it
917 4965 1008 5000 means
1028 4952 1086 5001 that
1109 4951 1142 5000 be
1165 4952 1255 5014 placed
1340 4960 1349 4984 ¹³
1368 4956 1422 5006 MS.
1434 4959 1492 5008 ctt'.
