4364 5736
1052 568 1259 623 CORONERS’
1282 570 1416 624 llOLLS,

511 1208 532 1236 m
650 1169 828 1253 inquisiaio
844 1170 967 1236 ibidem
983 1174 1080 1256 capta
1096 1170 1148 1237 die
1160 1170 1297 1236 Veneris
1313 1171 1403 1254 prox’
1420 1173 1495 1254 post
1511 1170 1634 1234 testum
1650 1168 1883 1252 Apostolorum

585 1274 731 1339 Simonis
747 1278 780 1341 et
796 1275 817 1340 J
819 1276 882 1341 ude
898 1296 988 1341 anno
1004 1275 1098 1358 regni
1114 1275 1201 1358 regis
1213 1274 1347 1340 Ricardi
1365 1274 1500 1340 secundi
1517 1273 1588 1358 xiij⁰
1603 1294 1714 1339 coram
1731 1273 1884 1338 Johanne

584 1379 755 1445 Carswalla
765 1384 957 1446 coronatore
968 1379 1093 1444 domini
1105 1381 1191 1463 regis
1204 1380 1244 1445 de
1255 1382 1362 1444 morte
1372 1379 1393 1444 J
1394 1379 1526 1444 ohanne
1537 1377 1710 1456 Edwalrer,
1723 1395 1789 1460 que*
1798 1377 1885 1443 dicto

424 1517 435 1564 ῃ
484 1517 505 1544 ιι.
584 1483 635 1548 die
650 1485 722 1550 visa
737 1484 811 1562 fuit,
822 1505 880 1568 per
896 1487 1143 1550 sacramentum
1168 1533 1176 1548 .
1202 1532 1210 1550 .
1236 1532 1243 1548 .
1257 1486 1265 1521 ¹
1284 1484 1384 1549 simul
1408 1505 1485 1548 cum
1501 1483 1577 1568 iiij0‘
1592 1483 1715 1548 villatis
1731 1482 1882 1548 videlieet

409 1617 550 1695 2.n‚'.*¹''¹¹'¹¹
584 1587 789 1670 Eynesham,
806 1590 1005 1674 Carsynton‚
1032 1589 1199 1656 Staunton
1222 1591 1255 1654 et
1281 1589 1450 1673 Southlye,
1470 1609 1547 1653 cum
1572 1587 1651 1654 totis
1674 1587 1785 1653 decen’
1803 1587 1883 1652 suis.

410 1709 491 1745 uarat*
584 1692 648 1773 Qui
663 1692 777 1758 dicunt
793 1714 851 1777 per
867 1696 1113 1760 sacramentum
1134 1713 1232 1760 suum
1255 1694 1342 1778 quod
1365 1693 1515 1778 predicta
1538 1693 1695 1759 dohanna
1718 1691 1845 1776 fugavit
1856 1693 1882 1775 j.

583 1801 747 1864 carantam
764 1821 839 1865 cum
856 1798 890 1883 ij.
907 1799 1000 1883 equis
1015 1802 1048 1866 ct
1069 1799 1158 1866 dicta
1181 1799 1337 1866 Johanna
1359 1821 1417 1883 per
1440 1799 1661 1866 infortunium
1686 1797 1819 1864 considit
1844 1799 1884 1863 de

583 1901 671 1968 dicta
701 1906 831 1969 carseta
858 1907 891 1969 et
921 1906 995 1969 rote
1024 1903 1147 1969 transit
1178 1924 1277 1988 super
1304 1905 1425 1970 collum
1452 1904 1523 1988 ejus
1549 1923 1608 1987 per
1635 1924 1735 1986 qaam
1761 1903 1884 1986 recepit

583 2009 734 2072 mortem.
780 2008 827 2073 at
837 2008 972 2073 tandem
982 2007 1073 2074 venit
1086 2007 1429 2075 lohannesEdwelrer
1439 2008 1674 2092 sposua³dicte
1685 2008 1839 2073 Johanne
1850 2009 1884 2071 et

583 2110 711 2176 invenit
727 2110 851 2178 dictam
867 2113 888 2176 J
890 2112 1058 2178 ohannam
1075 2112 1122 2178 sic
1144 2114 1324 2178 mortuam.
1373 2113 1495 2180 Statim
1519 2111 1641 2178 levavit
1665 2110 1835 2177 huteeium
1850 2115 1884 2176 et

583 2217 816 2300 prosecutum⁴
840 2219 891 2281 est
913 2217 1011 2282 modo
1035 2217 1154 2296 debito,
1173 2221 1206 2283 et
1221 2217 1349 2284 invenit
1372 2217 1496 2301 plegios
1519 2217 1744 2282 deveniendo
1767 2215 1824 2280 ubi
1851 2219 1884 2280 et

583 2320 715 2403 quando
745 2323 799 2387 et5
825 2321 938 2386 omnia
968 2343 1031 2405 que
1057 2321 1124 2406 jur’
1157 2322 1281 2388 fuerint
1304 2323 1455 2388 videlicet
1485 2323 1672 2388 dohannem
1708 2319 1820 2389 Smart
1850 2323 1884 2386 et

582 2425 763 2490 Ricardum
786 2425 907 2510 (lappe.
953 2426 1105 2492 Pretium
1128 2429 1256 2494 carecta
1280 2448 1356 2492 aum
1380 2427 1413 2511 ij.
1438 2427 1531 2510 equis
1554 2427 1633 2492 dim.
1657 2447 1771 2492 marca
1796 2426 1884 2490 unde

583 2530 699 2596 villata
714 2529 754 2595 de
772 2530 932 2614 Southlye
947 2531 1169 2616 respondebit.

445 2791 458 2818 n
483 2781 541 2830 ‚tr-jo
649 2755 828 2838 Inquisicio
843 2755 966 2820 ibidem
982 2760 1080 2840 capta
1096 2757 1148 2822 die
1164 2757 1301 2823 Veneris
1316 2760 1406 2840 prox’
1423 2759 1498 2840 post
1515 2757 1635 2822 festum
1652 2759 1778 2824 Pascha
1793 2777 1883 2823 anno

583 2861 677 2943 regni
699 2861 785 2944 regis
808 2861 942 2926 Ricardi
973 2862 1109 2926 secundi
1138 2866 1213 2946 post
1237 2866 1453 2945 conquestum
1477 2863 1571 2946 xiiijw
1593 2884 1705 2928 coram
1729 2863 1882 2928 Johanne

584 2965 773 3030 Carsewelle
796 2968 989 3030 coronatore
1013 2965 1138 3030 domini
1161 2965 1248 3048 regis
1271 2967 1305 3030 in
1330 2967 1492 3031 comitatu
1519 2969 1622 3033 Oxon'
1648 2966 1818 3050 assignato
1842 2967 1882 3029 da

584 3073 690 3133 morte
706 3069 870 3135 Johannis
883 3069 1028 3135 Smithes
1044 3069 1105 3134 filii
1120 3069 1284 3135 iohannis
1302 3071 1448 3137 Smithes
1460 3071 1500 3135 de
1518 3070 1712 3148 Stauntone,
1729 3071 1785 3154 qui
1795 3072 1883 3136 dieto

584 3175 635 3240 dic
651 3176 742 3240 visua
770 3175 843 3253 fuit,
861 3197 918 3259 per
942 3180 1188 3242 sacramentum
1213 3225 1221 3242 .
1248 3226 1256 3241 .
1284 3178 1306 3242 .⁶
1328 3198 1394 3241 una
1411 3198 1486 3241 cum
1504 3177 1579 3260 iiijor
1593 3177 1717 3242 villatis
1732 3177 1882 3242 videlicet

424 3315 453 3343 a«
483 3306 559 3366 unam
583 3279 787 3356 Hardea-ilie,
808 3281 1003 3356 Stauntone,
1017 3280 1244 3364 Dokelyntone
1258 3285 1290 3346 et
1304 3281 1536 3364 Crotebrugge.
1583 3281 1646 3362 Qui
1655 3281 1781 3346 dicunt.
1807 3329 1814 3345 .
1840 3329 1848 3344 .
1873 3329 1882 3346 .

584 3384 638 3468 xij.
664 3383 756 3448 libori
776 3383 842 3466 jur’
866 3405 942 3448 cum
959 3383 1033 3467 iiija·
1048 3385 1171 3450 villatis
1195 3386 1393 3469 supradictis
1417 3389 1450 3451 at
1474 3405 1550 3450 cum
1574 3385 1653 3450 totis
1676 3385 1787 3451 deoen’
1812 3384 1881 3449 suis

584 3487 784 3554 concordant
799 3488 861 3554 hoa
877 3487 965 3553 idem
981 3489 1016 3552 in
1032 3488 1196 3554 omnibus.

649 3819 828 3904 inquisicio
856 3824 953 3905 capta
977 3821 1099 3887 ibidem
1126 3822 1179 3888 die
1204 3821 1295 3887 Jovis
1322 3825 1412 3906 prox’
1440 3827 1515 3908 post
1541 3824 1662 3888 fastum
1690 3823 1882 3889 Nativitatis

585 3923 700 3992 Sancti
716 3924 880 3990 dohannis
896 3925 1047 4010 Baptista
1063 3948 1151 3991 anno
1167 3927 1261 4009 regni
1283 3927 1369 4008 regis
1392 3927 1525 3992 Ricardi
1549 3928 1685 3992 secandi
1707 3929 1782 4012 post
1806 3921 1891 3992 con-¹

583 4031 737 4112 questum
760 4027 878 4111 Anglie
905 4039 960 4094 xv⁰
986 4049 1097 4094 eoram
1129 4029 1281 4094 dohanne
1313 4031 1504 4096 Carsewella
1534 4035 1726 4096 coronatore
1756 4029 1883 4096 domini

583 4132 670 4215 regis
693 4131 728 4195 in
752 4133 914 4197 comitatu
938 4133 1040 4198 Oxon’
1058 4133 1228 4217 assignato
1245 4134 1284 4198 de
1304 4139 1411 4199 morte
1435 4135 1560 4200 Thome
1584 4135 1695 4219 Souay
1710 4135 1881 4218 capellani,

584 4236 640 4320 qui
656 4235 743 4301 dicto
760 4235 811 4300 die
823 4236 915 4300 visua
932 4235 1004 4314 luit,
1021 4257 1079 4319 per
1096 4240 1341 4302 sacramentum
1360 4287 1367 4302 .
1394 4286 1401 4302 .
1428 4238 1449 4301 .⁷
1464 4259 1532 4303 ana
1547 4259 1621 4303 cum
1634 4239 1710 4323 iiij⁰r
1725 4239 1790 4303 vill’
1808 4259 1880 4322 pro·

426 4376 501 4444 “dl’‘
583 4340 745 4424 pinquior’
763 4341 914 4406 videlicet
930 4340 1162 4424 Crotebrugge,
1180 4343 1285 4420 Leno,
1304 4343 1445 4408 Crawele
1463 4348 1495 4410 et
1511 4345 1609 4409 Haila
1625 4365 1700 4408 eum
1717 4345 1796 4409 totis
1812 4343 1880 4408 dec’

408 4439 495 4552 'illul'
512 4437 534 4464 ⁰⁸
584 4445 662 4510 suis.
710 4444 772 4525 Qui
788 4445 913 4509 dicunt.
939 4493 946 4508 .
973 4494 980 4509 .
1006 4493 1013 4509 .
1038 4447 1086 4510 De
1102 4449 1274 4512 inventore
1286 4448 1389 4511 nichil
1402 4448 1480 4531 quia
1491 4448 1608 4514 habuit
1621 4446 1700 4531 j'ara
1715 4447 1880 4512 ecclesias-

466 4539 488 4565 '‘
585 4551 659 4616 tica.
706 4550 868 4632 Requisiti
892 4549 931 4614 de
954 4551 1054 4615 bonis
1073 4555 1105 4616 et
1130 4552 1257 4616 catallis
1275 4553 1354 4617 dicti
1379 4553 1542 4618 dohannie
1559 4553 1673 4618 dicant
1689 4552 1774 4635 quod
1791 4553 1882 4617 nulla

619 4867 623 4894 ¹
644 4865 745 4942 Tnelva
758 4879 857 4916 names.
922 4868 958 4896 ²-'·'
976 4867 1086 4916 Crosaed
1099 4871 1152 4917 out.
1290 4873 1300 4898 ⁵
1318 4871 1416 4933 Supply
1428 4870 1464 4918 ad
1475 4870 1630 4934 faciendam
1642 4870 1708 4918 altar
1720 4873 1751 4918 cl.

616 4931 697 4982 ³820.
920 4931 1088 4997 ‘Magnam
1222 4975 1225 4982 .
1291 4936 1528 4986 “Twelvenarnea
1598 4935 1835 4985 'Twelrenanrea
