4364 5736
607 508 655 582 81
849 601 851 604 ¹
1072 524 1282 581 cououuas’
1306 525 1437 581 nouus.

605 717 664 778 per
687 699 935 762 sacramentum
959 695 1013 779 iij.
1031 696 1104 772 fuit,
1127 697 1184 780 qui
1206 665 1321 762 dicunt
1344 717 1402 780 per
1426 699 1673 796 sacrarnentum
1696 695 1795 763 suum
1818 698 1906 782 quod

605 797 773 880 predictus
790 797 934 862 Thomas
950 819 1008 881 per
1024 798 1146 862 famem
1162 803 1194 864 et
1211 797 1302 863 sitim
1318 801 1351 863 et
1366 819 1425 881 per
1437 798 1625 864 naturalem
1635 801 1777 864 mortem
1787 799 1904 865 morie·
2024 845 2028 852 -

605 897 704 963 batur
720 903 753 964 et
768 919 826 982 per
842 898 969 963 nullam
985 899 1086 964 aliam
1101 919 1223 982 penam
1239 897 1303 964 sibi
1318 899 1453 964 factam.
1782 895 1784 898 ’

432 1132 582 1172 obitusenstu
672 1115 805 1181 Michel’
821 1115 852 1180 le
869 1114 989 1200 Smyth
1010 1115 1050 1180 de
1075 1115 1267 1194 Zeveldene,
1283 1114 1340 1198 qui
1362 1117 1480 1199 captus
1503 1115 1566 1180 fuit
1590 1116 1678 1199 apud
1702 1116 1805 1182 Greke
1828 1137 1904 1182 cum

606 1218 749 1302 quodam
773 1237 856 1300 equo
877 1217 986 1283 furato
1009 1216 1065 1300 qui
1088 1215 1284 1294 commissus
1308 1215 1371 1282 fuit
1393 1215 1599 1300 penitencie¹
1623 1217 1756 1300 prisone
1778 1217 1905 1283 domini

606 1322 692 1406 regis
707 1342 765 1405 per
782 1322 812 1387 J.
829 1322 869 1386 de
884 1320 1073 1406 Wylughby
1095 1323 1128 1386 et
1152 1320 1256 1387 socios
1279 1340 1357 1386 suos
1375 1320 1579 1404 justiciarios
1603 1321 1728 1386 domini
1753 1322 1839 1405 regis
1862 1323 1905 1388 ed

545 1435 547 1442 ’
606 1425 879 1494 deliberacionem
895 1425 987 1491 illam
1004 1425 1189 1490 faciendam
1205 1423 1391 1508 assignatos
1406 1424 1442 1489 in
1455 1424 1574 1491 ultima
1585 1425 1731 1491 cessione
1743 1447 1805 1492 sua
1816 1426 1905 1510 apud
1940 1501 1945 1507 ,

606 1533 753 1598 castrum
770 1530 886 1596 Norht'
903 1551 963 1614 pro
979 1551 1016 1596 eo
1039 1529 1127 1614 quod
1150 1529 1220 1614 ipse
1242 1529 1349 1594 noluit
1372 1550 1494 1613 ponere
1517 1551 1552 1596 se
1575 1551 1674 1614 super
1697 1531 1841 1614 patriam
1865 1531 1905 1596 de

605 1637 691 1702 bono
722 1639 754 1726 et
785 1636 873 1700 malo
903 1656 1015 1701 coram
1041 1634 1236 1720 justiciariis
1267 1634 1433 1719 predictis,
1465 1634 1546 1700 obiit
1576 1635 1611 1700 in
1642 1635 1778 1720 prisona
1804 1635 1916 1701 castri

498 1806 501 1810 .
607 1742 735 1807 Norht'.
761 1789 768 1805 .
794 1789 835 1806 ..

394 2207 396 2210 -
430 2183 580 2223 curcunoutrr
610 2230 612 2234 ,
672 2163 821 2246 Rogerus
851 2161 892 2226 de
918 2161 1044 2226 Keston
1070 2159 1109 2225 de
1134 2160 1356 2244 Daylingtone
1383 2161 1500 2242 captus
1528 2162 1560 2225 et
1584 2160 1621 2224 in
1644 2159 1780 2244 prisona
1804 2159 1906 2226 castri

606 2267 722 2335 Norht'
753 2267 908 2333 detentae
938 2269 971 2332 et
995 2285 1053 2350 per
1080 2264 1341 2330 incitamentum
1366 2267 1502 2348 captum
1527 2285 1639 2330 coram
1665 2265 1696 2330 J.
1714 2265 1754 2329 de
1783 2265 1905 2332 Sancto

605 2372 724 2438 Mauro
740 2371 930 2438 vicecomite
946 2371 1063 2436 Norht’
1081 2370 1115 2434 in
1132 2373 1232 2435 turno
1247 2391 1308 2436 suo
1324 2369 1413 2454 apud
1429 2369 1672 2452 Gildesburghe
1688 2370 1727 2434 de
1743 2369 1905 2434 fraccione

479 2487 484 2498 ’
607 2495 735 2542 camere
751 2475 928 2541 Eustachii
943 2475 984 2540 de
1002 2475 1159 2558 Burneby
1183 2474 1271 2559 apud
1293 2475 1462 2542 Watiorde
1486 2475 1567 2540 obiit
1589 2475 1624 2538 in
1648 2475 1783 2559 prisona
1805 2479 1893 2540 castr

434 3581 531 3621 Menlr
610 3569 791 3638 ROTULUS
814 3568 1008 3623 JOHANNIS
1040 3569 1093 3622 DE
1119 3569 1233 3623 TUWE
1258 3569 1524 3623 CORONATORIS
1548 3569 1695 3624 DOMINI
1720 3569 1837 3623 REGIS
1862 3565 1904 3622 IN

656 3663 659 3670 ’
700 3659 897 3712 COMITATU
930 3657 1049 3710 NORH'
1080 3657 1292 3711 INCIPIENT'
1325 3657 1394 3709 DIE
1427 3657 1623 3711 DOMINICA
1655 3657 1765 3711 PROX’
1802 3660 1904 3712 ANTE

696 3745 855 3800 FESTUM
888 3745 916 3798 S.
949 3744 1149 3797 GRIGORII⁸
1177 3743 1273 3796 PAPE
1299 3743 1404 3797 ANNO
1427 3743 1551 3797 REGNI
1576 3745 1700 3801 REGIS*
1718 3746 1906 3800 EDWARDI

695 3833 829 3888 'IERCII
852 3832 877 3885 A
902 3831 1132 3897 CONQUESTU
1156 3831 1287 3885 SEXTO.
1360 3833 1363 3838 '

675 3981 789 4046 Idem⁴
807 3980 860 4045 die
875 3978 1050 4044 Dominica
1066 3977 1156 4061 prox'
1174 3981 1252 4044 ante
1276 3979 1397 4044 festum
1423 3978 1538 4045 Sancti
1553 3979 1698 4062 Grigorii
1713 3980 1801 4064 Pape
1818 3983 1907 4046 anno
2083 4041 2086 4046 ,

494 4132 512 4162 4
608 4086 796 4170 supradicto
818 4084 936 4150 accidit
960 4083 1048 4167 apud
1073 4083 1230 4168 Olthcrpe
1246 4085 1333 4168 quod
1348 4085 1533 4150 Willelmus
1548 4085 1637 4150 filius
1652 4085 1809 4152 Willelmi
1824 4087 1906 4152 Fere
2033 4075 2035 4078 ⁵

607 4192 763 4256 inventus
789 4189 853 4254 fuit
883 4190 1035 4252 mortuus
1065 4191 1098 4252 et
1130 4187 1193 4254 fuit
1223 4187 1321 4254 etatis
1348 4189 1492 4273 quinque
1519 4211 1695 4254 annorum.
1752 4191 1799 4256 Et
1828 4191 1906 4257 inde

608 4299 770 4362 venerunt
787 4297 929 4379 quatuor
945 4291 1056 4358 villeta
1071 4291 1321 4376 propinquiores
1331 4293 1481 4359 videlieet
1498 4293 1665 4377 Olthcrpe,
1682 4295 1905 4373 Herlesstone,

608 4403 823 4486 Brymptone,
848 4397 1065 4464 Esthaddone
1090 4418 1167 4461 cum
1191 4402 1334 4481 quatuor
1360 4398 1551 4464 hominibus
1578 4402 1610 4465 et
1637 4399 1823 4483 prepositis,
1848 4401 1907 4485 qui

508 4585 513 4594 ι
608 4507 723 4574 dicunt
738 4503 825 4588 quod
840 4503 1008 4587 predictus
1030 4501 1215 4568 Willelmus
1237 4523 1295 4586 per
1311 4504 1530 4569 infortunium
1552 4503 1668 4596 cecidit
1685 4504 1746 4568 sub
1762 4505 1906 4589 quodam

607 4631 704 4675 muro
731 4609 818 4676 unde
844 4607 967 4692 recepit
996 4610 1138 4696 mortem
1163 4607 1215 4672 die
1238 4607 1376 4674 Veneris
1406 4609 1496 4690 prox'
1521 4593 1607 4674 ante
1637 4607 1760 4673 festum
1792 4609 1908 4675 Sancti

641 4775 648 4802 ¹
667 4771 784 4833 Reading
796 4768 931 4827 doubtful;
945 4769 1000 4818 MS.
1009 4769 1081 4832 ρῑιὶε.
1284 4767 1355 4818 write
1368 4769 1395 4817 oi
1406 4769 1531 4834 outlawry
1540 4768 1592 4820 and
1602 4768 1708 4833 appeals
1720 4769 1747 4818 ot
1759 4785 1907 4832 approvers.

640 4841 650 4868 ²
667 4838 726 4888 Roll
739 4839 796 4895 111,
808 4837 966 4897 twenty-five
983 4834 1155 4891 membranas,
1168 4835 1233 4884 6-10
1317 4837 1327 4864 ⁸
1345 4836 1399 4887 Sic.
1699 4838 1708 4866 ⁴
1726 4835 1779 4887 Sic.

606 4906 677 4954 Edu.
687 4905 735 4954 ΙΙΙ.
752 4903 904 4965 containing
912 4901 1013 4952 besides
1022 4900 1141 4962 inquests
1153 4915 1233 4964 many
