4364 5736
624 521 670 594 98
1092 541 1301 596 ceaeuuas’
1327 543 1457 598 seres.

690 707 869 793 Inquisieie
892 712 990 793 capta
1013 731 1123 776 eoram
1139 711 1303 778 Willelmo
1329 713 1565 797 Shyrmestens
1588 709 1782 779 coronatore
1798 709 1925 776 demini

623 812 711 896 regis
727 811 762 876 in
778 813 939 879 comitatu
964 813 1072 898 Salop’
1090 814 1142 879 die
1158 815 1277 880 Martis
1293 814 1329 880 in
1345 816 1430 882 festo
1455 815 1569 884 Sancti
1584 815 1696 899 Egidii
1719 835 1808 881 anne
1830 814 1925 898 regni

448 943 560 984 nemora
624 917 711 1000 regis
727 917 860 982 Ricardi
876 918 1012 983 secundi
1027 919 1093 982 111110
1107 919 1197 1002 apud
1209 919 1369 1004 Gantelep
1385 940 1483 1003 super
1499 920 1609 984 visum
1625 919 1770 1004 eorporis
1785 919 1925 985 Isabelle

452 994 577 1086 mrsu
626 1022 666 1088 de
689 1022 793 1088 Walle
813 1042 871 1104 per
888 1027 1134 1089 sacramentum
1150 1021 1204 1106 xij.
1217 1024 1407 1107 juratorum
1424 1024 1464 1090 de
1475 1023 1535 1108 iiij.
1552 1025 1619 1090 vill’
1635 1023 1925 1108 propinquioribus

627 1126 797 1211 Gentelep,
808 1128 967 1206 Burtone,
979 1129 1120 1194 Bettene
1132 1130 1165 1194 et
1177 1126 1327 1194 Biritone
1342 1149 1400 1213 per
1416 1131 1663 1195 sacramentum
1673 1129 1727 1212 xij.
1735 1129 1924 1212 juratorum

626 1231 777 1296 videlieet
801 1279 809 1294 .
834 1278 842 1295 .
867 1231 886 1295 .¹
921 1231 984 1313 Qui
1000 1231 1115 1296 dieunt
1127 1253 1225 1316 super
1241 1235 1489 1298 sacramentum
1510 1252 1609 1298 sunm
1625 1232 1712 1316 quod
1728 1232 1758 1296 le
1774 1231 1926 1297 ertbrede

627 1335 728 1399 unius
752 1336 869 1418 wayn²
892 1335 1057 1401 interfecit
1081 1336 1265 1419 predictam
1288 1335 1464 1401 Isabellam
1487 1336 1575 1420 apud
1606 1336 1849 1420 Neupertbrug’
1873 1335 1926 1400 die

628 1437 766 1506 Sabbati
781 1439 870 1523 prex'
885 1443 963 1505 ante
986 1440 1109 1505 festum
1134 1440 1249 1508 Sancti
1272 1439 1500 1507 Bartholomei
1515 1460 1604 1505 anno
1625 1439 1814 1523 supradicte
1830 1443 1863 1506 et
1879 1439 1926 1505 sic

627 1551 759 1609 mortua
776 1543 839 1610 suit
854 1553 887 1609 et
903 1563 969 1608 non
986 1544 1093 1610 aliter.

694 1826 873 1910 Inquisicie
888 1831 986 1911 capta
1008 1849 1119 1893 coram
1135 1828 1298 1895 Willelmo
1324 1829 1559 1914 Skyrmestene
1583 1833 1776 1896 coronatore
1798 1829 1926 1895 demini

628 1931 714 2014 regis
737 1931 773 1996 in
796 1932 957 1998 comitatu
982 1933 1091 2016 Salep’
1109 1932 1198 2016 apud
1222 1933 1346 1999 Getone
1370 1935 1422 1999 die
1445 1934 1565 2000 Martis
1585 1936 1677 2019 prex'
1701 1937 1780 2000 ante
1803 1935 1926 2001 tostum

630 2036 752 2103 Sancte
768 2037 960 2102 Weneircde
976 2035 1122 2120 Virginis
1133 2057 1223 2102 anno
1239 2037 1332 2122 regni
1347 2037 1434 2122 regis
1449 2038 1584 2104 Ricardi
1601 2039 1745 2106 Secundi
1760 2061 1810 2104 xx.
1827 2059 1926 2122 super

473 2171 529 2228 φο
628 2141 736 2207 visum
767 2141 912 2225 corporis
943 2141 1109 2208 Jehannis
1140 2143 1264 2209 Getone
1294 2143 1355 2208 filii
1385 2143 1521 2209 Reberti
1544 2144 1670 2210 Getone
1693 2142 1733 2210 de
1756 2143 1815 2228 iiij.
1839 2143 1926 2209 vittis

546 2223 596 2302 mm
627 2247 917 2332 propinquioribus
940 2247 1090 2314 videlicet
1117 2248 1280 2328 Hodenet,
1308 2249 1509 2333 Peppelowe,
1540 2249 1639 2316 Stoke
1664 2251 1697 2314 et
1720 2248 1845 2315 Getone
1867 2269 1926 2332 per

628 2351 831 2418 veredietum
855 2399 863 2416 .
890 2401 898 2416 .
924 2355 946 2417 ‚³
991 2352 1054 2433 Qui
1081 2352 1196 2418 dieunt
1219 2373 1318 2436 super
1338 2355 1585 2419 sacramentum
1609 2374 1708 2418 suum
1732 2401 1740 2418 .
1766 2401 1807 2418 ..
1839 2354 1926 2419 Item

628 2457 744 2522 dicunt
760 2457 848 2540 qued
870 2457 1001 2542 Betkyn
1018 2457 1058 2522 de
1074 2458 1221 2541 Berneys
1238 2461 1288 2523 est
1303 2460 1518 2524 manutentor
1539 2459 1686 2524 telenum
1701 2457 1925 2542 predictorum

628 2564 661 2626 ct
677 2561 763 2644 qued
778 2582 893 2627 omnes
908 2562 1033 2628 telones
1048 2564 1256 2629 retraxerunt
1273 2583 1316 2639 se,
1334 2565 1367 2628 et
1382 2561 1485 2627 nichil
1507 2562 1632 2628 habent
1647 2561 1682 2628 in
1698 2562 1793 2629 bonis
1808 2561 1844 2627 in
1860 2561 1926 2628 isto

628 2665 798 2732 comitatu.
844 2667 891 2732 Et
906 2666 1018 2733 vittate
1034 2667 1178 2750 predicte
1193 2670 1373 2734 onerantur
1390 2667 1429 2733 de
1445 2667 1554 2750 gladie
1569 2667 1725 2752 predicte.

695 3145 875 3231 Inquisieie
897 3151 995 3232 capta
1018 3168 1129 3214 ceram
1152 3148 1315 3214 Wiltelme
1340 3148 1557 3232 Skyrmeston
1580 3153 1773 3216 coronatore
1800 3150 1927 3217 demini

629 3251 716 3335 regis
728 3253 763 3317 in
775 3253 936 3320 comitatu
954 3253 1063 3337 Selep’
1076 3253 1129 3319 die
1140 3253 1315 3320 Dominiea
1326 3253 1362 3318 in
1375 3255 1459 3320 feste
1473 3254 1588 3321 Sancti
1597 3255 1825 3321 Bartholomoi
1837 3256 1926 3339 apud

498 3433 503 3451 ³
629 3355 743 3423 Mudle
766 3377 865 3442 super
893 3357 1001 3423 visum
1024 3357 1169 3442 eorporis
1192 3358 1356 3424 Jehannis
1381 3359 1590 3425 Smethoceto
1612 3379 1701 3424 anno
1723 3359 1817 3442 regni
1839 3359 1927 3444 rogis

524 3443 546 3472 ω
584 3443 604 3473 ²¹
629 3460 762 3526 Ricardi
786 3461 922 3528 secundi
945 3465 1021 3545 post
1043 3464 1262 3546 conquestum
1284 3462 1373 3546 xxiij.
1390 3483 1448 3547 por
1472 3470 1539 3528 tres
1557 3463 1653 3530 villas
1675 3464 1928 3548 propinquiores

630 3565 780 3631 videlieet
803 3565 926 3644 Mudle‚
943 3567 1099 3632 Neuteno
1114 3569 1148 3632 et
1163 3566 1362 3632 Baldertene
1383 3569 1416 3632 et
1436 3587 1495 3650 per
1517 3566 1573 3650 xij.
1587 3566 1754 3650 juratores
1777 3567 1928 3634 videlicet

633 3715 641 3732 .
667 3716 675 3732 .
700 3669 722 3734 .⁴
746 3667 810 3749 Qui
825 3668 940 3736 dicunt
955 3690 1053 3754 super
1074 3673 1320 3736 sacramentum
1344 3690 1443 3735 suum
1464 3669 1551 3754 qued
1575 3669 1720 3737 Thomas
1743 3671 1800 3737 the
1818 3671 1929 3740 Smale

633 3771 685 3838 die
701 3772 857 3837 Mercurii
879 3775 969 3858 prex'
986 3776 1063 3840 ante
1085 3775 1207 3840 festum
1230 3774 1460 3858 supradictum
1483 3795 1572 3840 anne
1588 3778 1621 3840 et
1637 3775 1707 3841 lece
1730 3776 1930 3858 supradietis

631 3897 708 3942 cum
735 3897 802 3942 une
829 3879 921 3962 syeul
941 3877 1043 3962 precii
1069 3877 1103 3962 ij.
1120 3877 1152 3942 d.
1177 3879 1313 3944 felonice
1342 3878 1505 3962 percussit
1528 3879 1715 3963 predictum
1739 3879 1929 3946 Jehannem

634 3981 842 4050 Smethoeete
866 3982 902 4046 in
927 3983 1034 4066 eapite
1061 4005 1121 4049 sue
1148 4005 1205 4066 per
1230 3983 1316 4067 quod
1347 3983 1439 4062 obiit,
1465 3987 1498 4049 et
1520 3983 1687 4067 predictus
1719 3984 1863 4051 Thomas
1894 4007 1930 4051 se

632 4087 779 4154 retraxit.
826 4087 871 4152 Et
894 4086 1012 4152 habuit
1035 4087 1122 4152 bena
1145 4091 1178 4153 et
1201 4089 1321 4154 catalla
1344 4089 1387 4154 ad
1410 4088 1593 4154 valenciam
1617 4089 1838 4174 quadraginta
1854 4091 1923 4156 soli·

633 4192 751 4258 derum
776 4213 840 4275 que
864 4190 1003 4256 liberata
1027 4193 1163 4258 fuerunt
1189 4193 1346 4277 predictis
1373 4192 1495 4258 villatis
1522 4193 1572 4258 uti
1596 4193 1673 4260 inde
1698 4193 1832 4260 domine
1860 4196 1929 4278 regi

630 4297 876 4382 respondeant.G

666 4621 673 4650 ¹
691 4619 794 4670 Twelve
805 4633 904 4669 names.
1338 4620 1347 4650 ⁴
1364 4618 1466 4670 Twelve
1478 4633 1576 4670 names.
1706 4621 1716 4649 ⁵
1734 4619 1774 4669 te.
1781 4613 1930 4683 forisfacto

666 4689 676 4716 ²
691 4686 867 4736 Abevsaniue
874 4699 1003 4750 worm
1010 4685 1054 4735 the
1063 4684 1144 4736 words
1152 4687 1255 4736 nultius
1341 4687 1398 4734 ⁸In
1419 4701 1490 4736 cerne
1510 4701 1582 4735 cases
1601 4699 1634 4734 en
1652 4699 1730 4735 mem.
1746 4688 1761 4734 2
1782 4685 1834 4736 and
1852 4689 1867 4734 3
1885 4685 1931 4735 the

632 4752 751 4868 11αῆἬέ
751 4817 792 4868 he
804 4832 902 4868 ΜΘ·
1306 4751 1396 4868 gpplpp
1403 4767 1489 4868 pplzeps
1497 4767 1541 4802 are
1549 4750 1684 4814 ‘charged’
1694 4751 1756 4802 with
1765 4751 1810 4802 the
1817 4751 1930 4802 chattels
