4302 5734
579 568 650 637 123
1050 581 1256 637 conannas
1281 581 1411 636 66166.

578 753 638 818 bit.
695 755 852 819 Inventor
889 752 1036 834 Rogatus
1071 752 1145 837 Day
1172 751 1229 836 qui
1258 751 1478 818 committitur
1503 749 1637 818 villatis.
1694 749 1793 818 Visus
1819 771 1879 834 per

578 857 757 925 Ricardum
774 858 894 939 Haync
909 857 1147 922 coronatorem.

1042 1275 1415 1374 [YORKSHIREJ]

578 1490 758 1547 ROTULUS
803 1491 963 1546 SIMONIS
1006 1491 1059 1544 DE
1109 1492 1371 1546 ELVYNGTONE
1424 1491 1546 1546 UNIUS
1589 1489 1879 1546 CORONATORUM

1037 1579 1256 1634 COMITATUS
1281 1581 1403 1634 EBOR'.

646 1728 696 1792 Ad
721 1727 917 1793 comitatum
944 1728 1045 1794 Ebor'
1077 1731 1209 1794 tentum
1236 1728 1359 1794 ibidem
1384 1725 1437 1793 dis
1461 1727 1557 1792 Luna
1582 1727 1617 1791 16
1647 1727 1731 1792 16616
1764 1726 1880 1794 Sancti

580 1831 723 1898 Wilfridi
746 1833 904 1916 Episcopi
930 1853 1018 1898 anno
1045 1833 1140 1916 regni
1155 1833 1241 1916 regis
1266 1831 1400 1898 Ricardi
1418 1833 1554 1897 secundi
1569 1835 1644 1916 post
1660 1835 1879 1916 conquestum

585 1936 779 2001 duodecimo
794 1936 886 2002 venit
901 1936 1001 2001 Lecia
1017 1957 1080 2020 que
1096 1936 1160 2002 1611
1171 1957 1253 2001 uxor
1265 1935 1430 2002 iohannis
1450 1937 1490 2001 de
1511 1937 1629 2003 Oawod
1645 1936 1684 2001 dc
1700 1935 1880 2019 Tokvythe

580 2040 616 2104 16
633 2041 729 2123 pleno
745 2039 907 2105 comitatu
930 2061 1041 2105 eoram
1064 2041 1218 2106 iohanne
1243 2041 1385 2124 Sayvillc
1409 2043 1490 2106 tunc
1515 2041 1705 2106 vicecomite
1728 2041 1829 2105 Ebor'
1846 2043 1880 2104 61

582 2145 716 2211 Simone
743 2144 783 2208 de
809 2145 1019 2228 Elvyngtono
1044 2148 1076 2210 et
1100 2145 1253 2210 iohanne
1280 2145 1320 2210 de
1344 2145 1436 2211 More
1460 2145 1711 2211 coronatoribus
1731 2144 1880 2227 ejusdem

416 2267 421 2280 ¹
451 2277 469 2304 m
578 2249 755 2313 comitatus
772 2251 804 2312 et
820 2249 964 2332 appellat
980 2249 1142 2313 Thomam
1158 2249 1305 2315 Godelad
1322 2250 1361 2314 de
1377 2250 1510 2316 Walton
1527 2248 1566 2314 de
1582 2271 1620 2314 eo
1638 2249 1725 2333 quod
1740 2249 1811 2331 ipsc
1827 2247 1880 2312 die

432 2379 450 2406 a
477 2377 504 2406 110
579 2351 735 2416 Mercurii
750 2353 840 2434 prox'
865 2354 940 2434 post
955 2352 1078 2417 festum
1107 2353 1221 2419 Sancti
1241 2353 1384 2418 Willridi
1404 2352 1561 2436 Episcopi
1582 2374 1670 2418 anno
1692 2352 1772 2416 dieti
1786 2350 1880 2434 regni

579 2455 666 2538 regis
681 2455 814 2521 Ricardi
842 2455 1017 2520 undecimo
1033 2457 1122 2539 apud
1150 2457 1329 2540 Tokwythe
1353 2458 1489 2522 lelonioe
1513 2456 1677 2522 interfecit
1693 2456 1883 2540 predictum

579 2561 600 2626 J
602 2560 769 2624 ohannem
785 2559 824 2624 de
848 2559 967 2625 Cavod
992 2560 1160 2642 quondam
1176 2561 1285 2626 virum
1303 2583 1412 2626 suum.
1458 2563 1505 2627 Et
1520 2563 1583 2627 hoo
1598 2561 1694 2627 offert
1709 2559 1880 2626 verificare

579 2685 637 2746 per
668 2663 823 2746 patriam.
870 2664 974 2746 Plegii
1004 2665 1044 2729 da
1071 2666 1199 2748 appello
1232 2665 1414 2732 Willelmus
1444 2667 1485 2731 dc
1516 2666 1634 2733 (lavod
1665 2666 1705 2731 dc
1735 2665 1879 2741 Biltone,

580 2766 779 2849 ltanulphus
795 2765 835 2831 de
851 2766 970 2834 Cauod
985 2767 1024 2832 dc
1041 2767 1229 2852 Tokwytho.

647 2976 697 3040 Ad
713 2975 909 3042 comitatum
932 2978 1033 3044 Ebor'
1050 2981 1182 3046 1661616
1204 2979 1326 3046 ibidem
1349 2980 1402 3047 die
1424 2981 1521 3047 Luna
1547 2980 1637 3065 prox'
1662 2985 1737 3066 post
1757 2981 1881 3045 festum

583 3080 697 3146 Sancti
720 3081 884 3146 Johannis
908 3083 1077 3148 Bevcrlaci
1101 3105 1189 3148 anno
1215 3085 1309 3167 regni
1331 3085 1419 3168 rogis
1445 3086 1580 3151 Ricardi
1598 3084 1780 3168 supradicti
1800 3085 1881 3148 duo-

581 3184 708 3248 decimo
724 3184 814 3248 venit
829 3187 940 3268 Agnes
966 3207 1029 3269 que
1056 3187 1119 3251 fuit
1146 3209 1227 3253 uxor
1252 3189 1417 3254 Johannis
1443 3191 1495 3256 del
1513 3191 1614 3257 Stone
1630 3191 1671 3256 de
1686 3188 1880 3254 Hekmond·

581 3288 673 3371 wyke
703 3287 738 3352 in
769 3289 866 3372 pleno
896 3290 1057 3356 comitatu
1087 3313 1199 3357 coram
1230 3292 1384 3357 Johanne
1415 3293 1549 3362 Godard
1580 3299 1660 3359 tunc
1691 3292 1882 3360 vicecomite

582 3392 760 3458 comitatus
775 3393 924 3476 predicti,
943 3394 1096 3460 iohanne
1120 3396 1159 3462 de
1183 3397 1275 3461 Mors
1302 3400 1335 3462 61
1359 3399 1492 3464 Simone
1515 3399 1555 3463 de
1575 3398 1777 3480 Elvingtone
1794 3417 1882 3461 6616-

582 3497 755 3562 natoribus
785 3497 932 3579 ejusdem
963 3499 1141 3566 comitatus
1170 3504 1204 3564 61
1234 3503 1378 3585 appellat
1408 3503 1610 3568 Willelmum
1640 3503 1692 3568 del
1723 3501 1812 3566 Hilie
1842 3500 1884 3566 dc

582 3601 853 3684 Hekmondwylre
869 3606 902 3667 61
918 3603 939 3666 J
940 3602 1107 3668 ohannem
1129 3603 1181 3668 del
1197 3605 1286 3672 Hillo
1302 3607 1440 3673 fratrem
1455 3607 1603 3690 ejusdem
1618 3606 1774 3673 Willclmi
1790 3606 1830 3670 de
1845 3627 1884 3670 66

520 3685 538 3713 ⁹
583 3706 670 3788 quod
696 3705 760 3788 ipsi
787 3705 839 3770 die
866 3707 1004 3772 Saboti³
1036 3709 1127 3790 prox’
1149 3713 1225 3791 post
1251 3710 1374 3776 1661616
1399 3711 1609 3776 Ascensionis
1633 3710 1769 3775 Domini
1794 3730 1884 3776 anno

582 3809 675 3892 regni
690 3809 776 3892 regis
792 3809 925 3875 Ricardi
941 3811 1123 3894 supradicti
1138 3812 1332 3878 duodecimo
1355 3815 1444 3898 apud
1460 3815 1731 3898 Hekmondvvyke
1747 3814 1884 3879 16166166

582 3913 835 3978 16161116616613
878 3917 911 3979 61
948 3915 1204 3981 murdraverunt
1242 3919 1426 4000 predictum
1464 3919 1654 3984 Johannem
1691 3920 1743 3984 del
1783 3920 1886 3986 Stone

583 4017 750 4099 quondam
764 4017 872 4082 virum
885 4039 995 4084 suum.
1041 4019 1087 4085 Et
1103 4020 1164 4085 hoc
1175 4021 1268 4086 offert
1279 4023 1446 4088 verificare
1455 4045 1513 4107 per
1529 4025 1684 4107 patriam.
1730 4023 1834 4107 Plegii
1845 4023 1886 4088 de

584 4121 713 4204 appello
728 4121 876 4204 Rogerus
892 4123 932 4188 de
947 4123 1053 4188 Ledes
1069 4124 1238 4202 chivaler‚⁴
1256 4126 1421 4192 chricus
1437 4127 1665 4213 Constantyna
1681 4129 1721 4194 de
1736 4129 1857 4194 Ledes.

651 4331 830 4416 Inquisicio
845 4337 943 4416 capta
958 4333 1047 4416 apud
1070 4335 1294 4420 Hunsyngore
1318 4337 1370 4404 die
1392 4338 1530 4405 Veneris
1552 4341 1642 4424 prox'
1666 4343 1741 4424 post
1762 4342 1887 4408 1661616

588 4438 702 4504 Sancti
717 4436 872 4502 Barnabe
897 4437 1046 4520 Apostoli
1061 4459 1151 4504 anno
1177 4441 1272 4522 regui
1296 4441 1382 4525 regis
1403 4442 1536 4508 Ricardi
1553 4445 1736 4528 supradicti
1752 4449 1885 4530 quarto·

585 4540 712 4606 decimo
743 4561 855 4605 coram
894 4540 1029 4607 Simone
1054 4543 1094 4607 de
1127 4544 1330 4628 Elvingtonc
1356 4567 1424 4612 uno
1450 4551 1684 4614 coronatorum
1708 4550 1888 4615 comitatus

584 4645 685 4711 Ebor'
704 4665 802 4728 super
819 4644 928 4711 visum
953 4646 1099 4729 corporis
1115 4647 1251 4713 Roberti
1267 4649 1327 4713 filii
1343 4650 1363 4715 J
1365 4649 1508 4716 ohannis
1524 4652 1564 4718 de
1580 4653 1805 4737 Hunsyngora
1827 4673 1888 4738 per

630 4938 714 4990 ¹Roil
727 4940 782 4999 246,
793 4939 1008 5000 onsmmtram,
1021 4939 1219 4991 12-15Rich11.
1320 4943 1399 4996 'Sia
1512 4947 1593 4998 'Sia
1694 4948 1854 5001 *Macte
