4326 5722
588 557 635 630 21
1056 573 1263 632 concussa
1288 573 1417 631 nouus.

590 745 759 828 quendum
775 763 889 812 versus
912 742 1075 829 predictos
1098 745 1284 813 si'voluerit
1306 766 1365 831 per
1387 747 1580 831 preceptum
1596 743 1721 811 domini
1739 743 1826 830 rogis
1848 743 1884 812 in

590 849 651 915 hec
667 850 776 916 verba.

657 956 823 1022 Henricue
846 955 898 1022 dei
921 955 1043 1039 gracia,
1067 959 1140 1035 etc,
1161 957 1346 1023 vicecomiti
1367 957 1447 1023 Bsd'
1472 956 1625 1022 salutem.
1679 955 1883 1040 Precipimus

591 1061 652 1128 tibi
675 1062 762 1146 quod
785 1063 930 1146 apellum
953 1063 1039 1146 quod
1054 1063 1196 1128 Aibreda
1216 1063 1257 1128 de
1272 1063 1459 1128 Hokewood
1472 1063 1479 1100 ¹
1505 1062 1584 1128 iacit
1599 1061 1635 1126 in
1651 1063 1811 1128 comitatu
1825 1066 1885 1128 tuo

591 1188 705 1233 versus
729 1216 737 1232 .
763 1217 771 1233 .
797 1169 819 1233 .¹
843 1169 882 1233 de
896 1171 1003 1234 morte
1019 1167 1156 1235 Walteri
1171 1167 1211 1234 de
1227 1167 1406 1233 Hokewold
1422 1167 1484 1247 filii
1499 1167 1604 1251 ipsius
1618 1166 1758 1232 Albrede
1772 1165 1885 1232 venire

591 1271 694 1338 facies
710 1293 820 1338 coram
840 1271 1036 1356 justiciariis
1056 1273 1179 1338 nostris
1195 1272 1283 1356 apud
1295 1273 1432 1339 Westm’
1450 1293 1471 1338 a
1486 1271 1538 1338 die
1554 1270 1680 1337 Pascha
1695 1271 1731 1337 in
1747 1292 1798 1336 xv.
1815 1271 1884 1337 dies

591 1397 667 1440 cum
689 1375 942 1442 atochiamentis
965 1380 998 1442 et
1020 1376 1175 1442 omnibus
1198 1375 1272 1443 aliis
1294 1375 1377 1442 illud
1399 1377 1544 1460 apellum
1566 1375 1794 1458 tangentibus.
1837 1375 1885 1442 Et

592 1480 644 1544 dic
664 1481 790 1563 prefate
806 1481 947 1546 Albrede
969 1480 1057 1565 quod
1079 1485 1159 1548 tunc
1182 1481 1226 1547 sit
1249 1480 1295 1546 ibi
1318 1481 1462 1566 apellum
1485 1480 1568 1546 illud
1583 1501 1700 1546 versus
1720 1479 1885 1564 predictos
1988 1485 1992 1494 '

592 1585 798 1662 Osebertum‚
818 1585 1024 1664 Nicholaum‚
1042 1586 1214 1664 Thomam‚
1236 1586 1435 1665 iohannem,
1459 1585 1655 1663 Henricum,
1672 1584 1884 1663 Mauricium,

592 1689 794 1756 Willelmum
809 1693 1025 1774 prosecutura
1040 1689 1069 1757 si
1083 1691 1234 1758 voluerit.
1278 1692 1326 1757 Et
1341 1691 1464 1758 habeas
1481 1690 1529 1756 ibi
1551 1691 1613 1757 hoc
1635 1691 1744 1757 breve.
1789 1691 1886 1756 Teste

593 1815 647 1860 me
671 1794 742 1878 ipso
766 1795 855 1879 apud
880 1795 1012 1862 Turrim
1038 1797 1145 1861 Lond’
1168 1798 1214 1862 v¹⁰
1236 1795 1288 1862 die
1311 1797 1408 1863 Fcbr’
1432 1817 1521 1862 anno
1547 1795 1642 1880 regni
1664 1795 1770 1862 nostri
1792 1797 1885 1881 l⁰vj¹⁰.

594 1899 679 1980 Quia
694 1900 891 1983 Radulphus
906 1900 946 1966 ds
956 1900 1188 1984 Goudingtone
1200 1905 1374 1968 coronator
1390 1904 1441 1967 est
1456 1900 1727 1985 consanguineus
1742 1901 1887 1986 predicte

593 2003 735 2072 Albrede
750 2008 783 2072 et
798 2004 905 2090 ipsam
922 2006 1031 2072 favet¹
1046 2005 1081 2072 in
1096 2005 1158 2072 hac
1174 2010 1268 2090 parte
1283 2011 1321 2072 ut
1336 2005 1469 2073 dicitur.

662 2329 808 2394 ⁴Emma
831 2349 911 2394 uxor
933 2325 1098 2394 iohannis
1120 2327 1161 2393 dc
1183 2327 1351 2395 Brutevile
1374 2328 1414 2394 de
1436 2327 1595 2394 Bereford
1609 2325 1701 2394 venit
1722 2325 1765 2392 ad
1787 2322 1888 2390 comi-

596 2435 706 2500 tatum
721 2433 801 2499 Bed’
819 2433 871 2499 die
893 2433 989 2498 Lune
1012 2434 1102 2517 prox’
1127 2437 1201 2516 post
1224 2435 1346 2500 testum
1370 2433 1529 2500 Omnium
1555 2433 1778 2501 Sanctorum¹
1799 2449 1890 2496 anno

596 2539 689 2622 regni
705 2539 791 2623 regis
806 2537 944 2604 Henrici
960 2538 1019 2604 filii
1035 2539 1122 2622 regis
1138 2539 1158 2605 J
1160 2539 1302 2604 ohannis
1315 2539 1396 2624 l⁰vj¹⁰
1411 2543 1444 2605 et
1459 2539 1581 2623 apellet
1598 2539 1768 2607 Simonem
1782 2534 1890 2600 filium

597 2643 718 2727 Rogeri
733 2644 773 2709 de
789 2643 944 2709 Kainho⁶
964 2643 1021 2728 qui
1044 2643 1107 2709 fuit
1131 2644 1275 2710 serviens
1291 2643 1455 2711 Johcnnis
1471 2645 1510 2710 de
1525 2643 1726 2710 Bordeleas⁷
1741 2641 1776 2706 in
1791 2639 1890 2706 Bere·

598 2749 682 2827 ford,
698 2749 756 2814 ubi
778 2748 867 2814 dicta
888 2749 1012 2815 Emma
1034 2753 1067 2815 et
1090 2749 1260 2816 Johannes
1275 2749 1316 2816 de
1337 2749 1505 2816 Brutcvile
1520 2749 1571 2815 vir
1594 2769 1674 2815 suus
1697 2746 1798 2814 simul
1817 2766 1891 2829 per·

599 2857 755 2920 rexerunt
778 2853 814 2918 in
838 2874 918 2937 pace
942 2853 994 2918 dci
1019 2858 1051 2920 et
1076 2854 1202 2920 domini
1228 2854 1314 2939 regis
1338 2855 1374 2921 in
1400 2855 1480 2922 villa
1500 2855 1540 2922 de
1562 2855 1720 2921 Bereford
1742 2853 1779 2918 in
1800 2851 1891 2935 regia

598 2958 654 3025 via
676 2958 763 3024 inter
790 2957 926 3024 domum
954 2959 1092 3025 Jordani
1117 2960 1228 3044 Cappa
1254 2955 1287 3026 et
1314 2960 1537 3045 domumque
1567 2959 1631 3026 fuit
1657 2957 1821 3028 Johcnnis
1851 2956 1893 3022 de

600 3063 836 3128 Blunenham⁸
864 3062 917 3128 die
956 3063 1072 3130 Sabati
1097 3065 1188 3147 prox’
1218 3067 1294 3148 post
1324 3065 1446 3130 testum
1462 3092 1465 3099 ·
1479 3066 1512 3134 S.
1543 3063 1673 3130 Dionisi
1702 3062 1745 3130 ad
1773 3061 1893 3127 horam

599 3168 824 3253 vespertinam
854 3168 967 3234 ⁹onno
998 3168 1146 3252 ejusdem
1176 3169 1262 3253 regis
1292 3167 1431 3234 Henrici
1460 3169 1556 3248 Ιθνω,9
1587 3167 1634 3233 ibi
1664 3166 1755 3234 venit
1784 3165 1893 3230 dictus

601 3273 718 3341 Simon
741 3276 901 3357 tanquam
926 3273 1055 3340 telonus
1079 3277 1111 3340 et
1134 3277 1328 3358 prosecutus
1351 3277 1400 3340 est
1424 3274 1550 3340 dictum
1573 3273 1763 3340 iohannem
1783 3269 1893 3337 virum

601 3399 699 3444 suum
722 3381 755 3444 et
777 3377 948 3444 insultavit
960 3378 984 3418 ¹⁰
1004 3399 1080 3445 eum
1104 3378 1232 3444 insultu
1253 3379 1472 3462 premeditato
1492 3381 1608 3444 contra
1628 3397 1745 3462 pacem
1767 3371 1894 3441 domini

601 3482 688 3567 regis
710 3481 797 3548 inter
819 3482 955 3549 brachia
969 3484 1090 3549 Emme
1106 3482 1217 3550 uxoris
1233 3504 1291 3549 aue
1307 3482 1395 3549 dicto
1411 3483 1475 3562 die,
1491 3483 1562 3549 loeo
1577 3486 1610 3549 et
1625 3482 1719 3560 hora,
1735 3483 1768 3547 et
1782 3480 1895 3564 ipsum

602 3586 763 3671 percussit
785 3585 936 3671 nequiter
952 3591 985 3654 at
1008 3587 1044 3652 in
1060 3586 1180 3654 telonia
1199 3587 1239 3652 de
1254 3588 1398 3672 quodam
1413 3607 1492 3653 ense
1506 3587 1547 3654 ds
1562 3587 1631 3654 fero
1642 3587 1665 3624 ¹¹
1683 3589 1716 3652 et
1731 3605 1843 3651 assera
1858 3583 1895 3648 iu

602 3692 795 3758 summitate
811 3691 928 3776 capitis
944 3712 982 3758 ex
1001 3691 1137 3758 sinistre
1159 3701 1254 3776 parte
1276 3692 1364 3759 inter
1385 3713 1520 3776 grcvam
1543 3695 1576 3758 et
1599 3691 1752 3758 auditum
1768 3693 1801 3756 et
1817 3687 1895 3755 fecit

602 3797 645 3862 eii
667 3817 825 3880 magnam
849 3797 981 3880 plagam
1003 3797 1210 3880 longitudine
1225 3802 1270 3864 v¹⁰
1283 3797 1306 3835 ¹¹
1325 3797 1493 3882 policium,
1516 3791 1693 3863 latitudine
1709 3795 1756 3879 iij.
1772 3797 1806 3861 st
1821 3814 1895 3878 pro·

2135 3861 2136 3888 t

603 3901 768 3968 funditate
791 3923 896 3987 usque
918 3901 960 3966 ad
983 3902 1164 3980 cerebrum,
1180 3902 1268 3967 unde
1290 3902 1464 3968 tresdecim
1485 3901 1575 3986 pecie
1590 3900 1840 3966 ossis-exierunt
1855 3899 1896 3964 de
2033 3935 2037 3942 -
2135 3901 2136 3936 ¹

604 4007 693 4073 dicta
707 4007 815 4090 plage.
861 4006 947 4072 Item
962 4005 1050 4071 idem
1068 4006 1183 4073 Simon
1206 4007 1335 4072 telonus
1351 4006 1550 4090 repercussit
1565 4005 1691 4071 dictum
1707 4004 1897 4072 Johonnem

604 4112 640 4178 in
655 4133 757 4196 parvo
772 4110 875 4193 digito
890 4110 947 4196 qui
962 4115 1098 4178 vocatur
1121 4111 1318 4178 auricularis
1341 4111 1501 4178 existente
1522 4131 1627 4176 manu
1650 4109 1786 4178 sinistra
1808 4108 1897 4176 infre

640 4408 721 4460 ¹Sic.
1310 4408 1481 4472 ‘Karpates
1491 4407 1522 4458 Β.
1655 4406 1854 4472 'BurdetpcR

638 4475 650 4570 ἶ
666 4475 825 4590 Τὴοιῃὲωοε
836 4474 863 4525 of
874 4473 919 4525 the
928 4489 1005 4525 seven
1018 4474 1156 4538 appellees.
1309 4475 1556 4591 ffirmamuiidem
1567 4556 1582 4591 r
1615 4540 1621 4552 Ι
1645 4539 1796 4604 supradicto
1806 4538 1829 4587 B

641 4609 650 4637 ¹
662 4542 732 4656 'iiiii
744 4577 798 4657 this
809 4622 867 4656 case
879 4606 978 4658 follows
990 4607 1034 4658 the
1046 4611 1107 4658 next
1119 4611 1177 4658 two.
1311 4609 1330 4638 ¹⁰
1346 4556 1489 4661 imultoeirit
1498 4607 1530 4658 B.
1581 4555 1634 4638 &¹¹¹8
1644 4607 1697 4660 Sic.
1776 4607 1795 4636 ¹²
1813 4575 1866 4658 Sic.

640 4677 650 4704 ⁵
666 4689 698 4724 m
704 4675 771 4738 secto
781 4675 939 4725 Animarum
949 4675 980 4724 B.
