4364 5736
625 573 672 645 82
1091 586 1298 642 coaonmns’
1322 587 1452 642 nouus.

623 757 766 843 Grigorii
782 759 881 842 Pape.
927 758 974 824 Et
998 777 1097 842 super
1124 757 1186 822 hoc
1201 760 1298 842 capta
1321 755 1495 841 inquisicio
1517 777 1575 841 per
1598 755 1652 840 xij.
1672 756 1850 840 juratores,
1867 755 1924 841 qui

621 863 738 930 'dicunt
760 885 858 948 super
881 866 1128 930 sacramentum
1151 884 1248 928 suum
1264 863 1352 948 quod
1367 863 1551 930 Willelmus
1566 861 1655 927 filius
1670 862 1827 929 Willelmi
1841 863 1924 928 Fors

622 970 726 1035 currit
742 969 776 1035 in
793 969 931 1053 gardino
948 969 1009 1034 sub
1026 968 1169 1052 quodam
1185 989 1282 1033 muro
1297 970 1330 1033 st
1353 967 1521 1052 predictus
1536 987 1653 1032 murus
1674 987 1774 1050 super
1796 966 1922 1051 predic-

607 1077 695 1158 tum
720 1075 922 1142 Willelmum
947 1073 1063 1140 cecidit
1089 1073 1177 1138 unde
1200 1072 1323 1156 recapit
1349 1074 1502 1149 mortem,
1526 1092 1594 1137 non
1621 1072 1791 1138 confessus
1815 1092 1923 1156 neque

623 1179 888 1244 communicatus
912 1178 991 1263 quia
1020 1199 1088 1243 non
1127 1177 1190 1242 fuit
1214 1177 1280 1242 nisi
1305 1177 1345 1242 de
1376 1179 1463 1242 etate
1494 1177 1639 1261 quinque
1669 1197 1845 1254 annorum,
1870 1181 1921 1242 set

482 1325 493 1353 r
526 1326 564 1356 nm
621 1287 736 1369 postea
752 1281 856 1349 vixit¹
881 1304 940 1368 per
956 1303 1060 1349 unam
1075 1281 1194 1348 horam
1211 1281 1275 1347 diei
1291 1287 1323 1347 et
1346 1281 1551 1366 loquebatur.
1597 1281 1749 1347 Precium
1772 1282 1920 1366 ejusdem
1952 1303 1954 1308 ·

455 1376 496 1454 .¹¹·
513 1377 536 1406 ⁰⁵
621 1389 710 1454 muri
731 1389 757 1473 j.
774 1389 806 1454 d.
852 1389 1011 1454 Inventor
1034 1387 1183 1471 ejusdem
1206 1386 1391 1474 [Willelmi]
1418 1385 1582 1452 Ricardus
1606 1386 1755 1452 Horsloe.
1800 1385 1919 1451 Eoiam

621 1493 736 1560 dicunt
774 1493 860 1578 quod
898 1492 1068 1558 hutesium
1106 1491 1170 1558 fuit
1200 1491 1349 1558 levatum
1380 1491 1466 1558 siout
1497 1490 1633 1556 solebat.
1678 1490 1707 1554 E
1751 1489 1798 1555 ibi
1827 1491 1920 1557 venit

619 1599 803 1665 Willelmus
828 1599 910 1663 Fers
936 1601 1031 1682 pater
1055 1579 1196 1681 predicti
1219 1595 1377 1663 Willelmi
1406 1599 1439 1662 et
1469 1595 1574 1662 Alicia
1605 1617 1685 1661 uxor
1712 1595 1860 1680 ejusdem
1887 1601 1920 1662 ct

618 1703 834 1769 testificatum
865 1702 928 1767 fuit
959 1701 1045 1786 quod
1076 1699 1279 1785 Anglicanus
1310 1701 1385 1778 fuit,
1417 1704 1479 1766 etc.
1533 1701 1579 1765 Et
1609 1700 1763 1765 inventor
1792 1701 1921 1768 invonit

617 1807 742 1892 plegios
757 1806 908 1874 videlicet
924 1806 1107 1871 Robertum
1122 1805 1153 1870 le
1168 1805 1354 1889 Chapman,
1373 1805 1543 1872 Simonem
1559 1804 1687 1888 Knyth.

684 1911 885 1978 ³Nicholaus
902 1909 1078 1977 (lhanceux
1094 1908 1236 1975 ballivus
1251 1908 1417 1975 hundredi
1439 1909 1579 1992 predicti
1594 1908 1672 1992 quia
1687 1929 1756 1973 non
1770 1906 1861 1974 venit
1878 1907 1921 1972 ad

618 2016 807 2081 faciendum
829 2019 1005 2081 returnum
1022 2035 1121 2080 suum
1137 2035 1197 2080 neo
1220 2013 1263 2079 ad
1285 2013 1471 2098 predictum
1486 2013 1709 2080 infortunium
1733 2013 1769 2077 in
1792 2003 1919 2078 miseriss

479 2771 561 2812 ι·ο
682 2751 810 2820 Accidit
826 2753 914 2836 apud
930 2752 1109 2837 Berughby
1125 2751 1178 2818 die
1193 2753 1350 2818 Mercurii
1365 2755 1456 2837 prox'
1472 2755 1551 2819 ante
1566 2754 1689 2818 festum
1705 2754 1916 2820 Pentecostos
1992 2791 1994 2794 ·

617 2878 706 2924 anno
720 2857 814 2942 regni
833 2857 919 2940 regis
934 2856 1090 2922 Edwardi
1106 2856 1199 2922 tercii
1216 2877 1236 2921 a
1252 2861 1434 2940 conquestu
1450 2863 1540 2922 sexto
1557 2858 1643 2940 quod
1662 2858 1831 2946 Matill[is]
1847 2859 1917 2924 filia
2052 2945 2055 2952 Ι

614 2963 749 3030 Ricardi
764 2963 805 3028 dc
820 2962 1044 3027 Dunchurche
1060 2961 1196 3026 inventa
1213 2962 1275 3026 luit
1291 2969 1433 3028 mortua.
1478 2963 1525 3027 Et
1541 2962 1617 3028 inde
1629 2962 1917 3052 captatioquisioio

616 3069 668 3134 die
684 3071 716 3134 et
733 3089 820 3134 anno
837 3067 1027 3150 supradicto
1042 3087 1154 3132 coram
1170 3066 1191 3132 J
1193 3114 1201 3130 .
1218 3065 1258 3132 de
1274 3067 1371 3132 Tuwo
1387 3071 1579 3132 coronatore
1595 3088 1652 3150 per
1669 3073 1915 3133 sacramentum

616 3221 625 3239 .
650 3223 658 3238 .
684 3176 705 3237 .⁴
725 3173 928 3257 juratorum,
945 3171 1002 3255 qui
1018 3170 1143 3236 dicunt.
1168 3219 1176 3235 .
1202 3219 1211 3235 .
1235 3219 1244 3234 .
1267 3171 1465 3255 Preoeptum
1481 3174 1531 3236 est
1553 3171 1665 3237 villate
1681 3171 1720 3237 de
1736 3173 1915 3257 Berughby
1939 3227 1942 3236 .

581 3333 583 3338 .
614 3277 701 3362 quod
727 3275 954 3360 obstipucbit⁵
979 3274 1163 3360 predictam
1187 3274 1315 3341 foveam
1339 3275 1400 3341 sub
1420 3297 1506 3361 pena
1521 3272 1572 3340 xri.
1588 3296 1615 3341 s.
1631 3279 1664 3341 et
1678 3276 1915 3343 nichilominus

613 3381 648 3447 in
664 3379 901 3446 misericordia.

1172 3509 1362 3594 Berughby.
1410 3511 1412 3518 ’

449 3631 477 3721 ιῑ
551 3643 590 3675 ne·
701 3617 888 3685 Willelmus
904 3615 948 3699 by
964 3613 1089 3681 Yelane

701 3721 887 3802 Willelmus
902 3719 991 3784 filius
1007 3719 1141 3784 Ricardi

672 3815 675 3822 ’
702 3825 872 3893 lohannes
889 3823 1093 3890 deWaltone

700 3930 886 3996 Willelmus
903 3927 1003 4011 Selyi

701 4035 874 4102 lohannes
890 4031 998 4097 Adam

1240 3761 1465 3852 p[rcsontant]
1493 3763 1528 3829 in
1558 3764 1714 3831 omnibus
1745 3764 1832 3832 sicut
1864 3765 1914 3830 in-

1284 3888 1433 3951 qursrcro.

1118 4223 1120 4226 .
1142 4167 1381 4233 Brundestone.

701 4275 872 4344 lohannes
887 4273 995 4356 Roger
1024 4297 1027 4304 ·

701 4381 869 4448 Henrious
885 4376 1034 4443 Malcher

701 4489 850 4569 Rogerus
866 4485 982 4548 Broun
1240 4483 1271 4564 p'
1287 4481 1323 4546 in
1339 4481 1492 4548 omnibus
1509 4483 1594 4551 sicut
1609 4485 1794 4569 inquisicio.

701 4592 722 4657 J
724 4591 875 4656 ohannes
890 4587 1058 4671 Wymaro’

699 4695 864 4761 Robertus
880 4693 966 4778 Vyot

644 4895 817 4946 ¹MS.ucait.
851 4895 886 4926 ¹·¹
902 4892 993 4943 Added
1005 4891 1144 4956 byalater
1155 4891 1236 4944 hand.
1288 4875 1431 4944 Cleonaeae
1442 4909 1486 4944 ere
1498 4894 1543 4946 tha
1555 4897 1638 4948 words
1649 4898 1681 4948 in
1691 4905 1754 4949 mio.

642 4959 787 5014 ⁸·1Added
816 4959 850 5026 by
878 4975 895 5011 a
928 4959 995 5010 later
1028 4959 1118 5018 haud;
1153 4959 1236 5012 above
1321 4959 1560 5014 ‘Twelvonamea
1674 4967 1757 5018 ’δία
1852 4967 1906 5021 Sic.
