4302 5734
582 533 655 606 108
1050 551 1257 606 conouuns’
1283 552 1413 608 nosse.

407 725 517 818 {lma
582 722 738 804 questum
768 723 859 786 sexto
890 741 1001 786 coram
1032 721 1160 786 Thomu
1196 721 1340 787 Bowiere
1371 727 1404 787 et
1434 721 1598 788 Willelmo
1633 719 1885 786 Godmanstone

407 827 520 917 ξὲᾞζξθῦθ
583 825 832 890 coronatoribus
857 825 984 890 domini
1007 825 1092 908 regis
1116 825 1151 889 in
1182 825 1316 892 civitate
1339 828 1429 892 Nove
1461 825 1531 892 Sar’
1557 825 1598 890 de
1624 828 1731 890 morte
1758 825 1884 890 Thome

585 931 758 996 ealdeeote
784 931 886 995 eouke
907 950 1041 1013 corpore
1065 931 1212 1013 presenti
1236 953 1293 1013 per
1319 933 1566 997 sacramentum
1591 978 1599 993 .
1625 978 1633 994 .
1659 932 1679 994 ‚¹
1704 930 1884 994 liberorum

580 1034 771 1118 juratorum
787 1043 820 1100 et
835 1033 969 1098 Ricardl
985 1035 1088 1100 Juwel
1107 1034 1189 1098 aldr’
1214 1035 1254 1100 de
1277 1036 1368 1102 Novo
1384 1035 1463 1100 Vico
1486 1037 1519 1098 et
1543 1037 1685 1117 quatuor
1707 1033 1883 1098 hominum

584 1137 769 1203 vicinorum
799 1137 946 1221 ejusdem
977 1139 1070 1216 aldr’,
1099 1139 1263 1204 Johannis
1290 1139 1524 1222 Fraunkeleyn
1551 1139 1632 1204 aldr’
1662 1138 1701 1202 dc
1731 1138 1820 1202 Foro
1850 1139 1884 1202 et

584 1247 727 1325 quatuor
749 1243 924 1307 hominum
948 1243 1131 1309 vicinorum
1155 1244 1302 1326 ejusdem
1326 1245 1419 1320 aldr’‚
1437 1243 1561 1308 Thome
1585 1243 1774 1308 Casteltone
1799 1241 1882 1308 aldr’

584 1347 625 1411 de
657 1347 779 1414 Sancto
806 1347 952 1412 Martino
979 1352 1012 1412 et
1038 1351 1180 1431 quatuor
1206 1347 1381 1413 hominum
1405 1347 1588 1412 vicinorum
1612 1346 1760 1430 ejusdem
1787 1345 1883 1423 aldr¹,

584 1453 748 1518 lobannis
764 1453 865 1518 Baret
881 1453 963 1518 aldr’
980 1453 1020 1518 de
1037 1454 1136 1518 Prato
1152 1457 1184 1518 et
1197 1457 1339 1537 quatuor
1349 1452 1524 1518 hominum
1535 1453 1721 1518 vicinorum
1734 1443 1883 1535 ejusdem

583 1558 677 1622 aldr’.
723 1557 786 1638 Qui
801 1578 916 1622 omnes
928 1557 1034 1641 jurati
1049 1558 1163 1622 dicunt
1178 1579 1237 1642 per
1253 1561 1498 1624 sacramentum
1516 1579 1614 1623 suum
1637 1557 1724 1640 quod
1742 1556 1881 1639 Stepha-

447 1683 520 1762 num
583 1683 647 1727 nus
677 1663 848 1746 Skynnere
874 1661 914 1726 de
938 1662 1230 1746 Drowesteyntone
1253 1663 1344 1729 venit
1369 1662 1405 1726 in
1432 1662 1565 1728 civitate
1589 1663 1679 1726 Nove
1697 1663 1768 1728 Sar'
1785 1663 1883 1725 nocte

583 1767 648 1832 diei
663 1766 836 1832 Dominioe
850 1767 941 1849 prox'
958 1770 1033 1850 post
1050 1767 1172 1831 testum
1198 1766 1312 1834 Sancti
1334 1767 1489 1831 Barncbe
1512 1765 1661 1848 Apostoli
1682 1768 1758 1848 post
1781 1785 1882 1847 quar-

581 1872 704 1936 terium
720 1870 826 1937 noctis
842 1870 988 1954 predicte
1004 1891 1092 1935 anno
1107 1869 1201 1952 regni
1216 1869 1302 1952 regis
1318 1870 1450 1936 Ricardi
1466 1873 1541 1953 post
1556 1872 1774 1952 conquestum
1790 1871 1882 1932 sexto

581 1977 615 2039 et
630 1974 794 2038 insultum
809 1974 887 2039 tecit
902 1973 1049 2057 predicto
1065 1974 1189 2038 Thome
1206 1973 1377 2040 caldecote
1393 1978 1426 2038 et
1442 1995 1518 2038 cum
1534 1993 1602 2038 uno
1617 1973 1750 2038 cultello
1765 1982 1882 2036 vocato

582 2078 724 2161 daggere
739 2079 850 2162 ipsum
867 2078 1029 2143 Thomam
1045 2077 1081 2142 in
1097 2079 1249 2162 guttere²
1264 2077 1401 2144 leloniee
1412 2079 1575 2161 percussit
1586 2098 1645 2161 per
1661 2076 1747 2161 quod
1764 2075 1881 2141 statim

580 2182 664 2247 obiit
680 2182 803 2265 absque
814 2181 947 2265 juribus
963 2181 1200 2259 ecclesiasticis,
1218 2185 1251 2247 et
1266 2181 1352 2265 quod
1368 2183 1480 2246 nullus
1497 2183 1546 2246 est
1562 2202 1663 2246 causa
1674 2180 1793 2245 mortis
1808 2200 1881 2263 pre·

582 2285 661 2350 dieti
678 2286 804 2350 Thome
818 2288 928 2368 preter
944 2285 1071 2349 dictum
1094 2285 1302 2368 Stephanum
1326 2285 1383 2368 qui
1407 2285 1528 2362 statim
1546 2285 1631 2368 fugit
1655 2287 1729 2368 post
1755 2285 1881 2348 lactum

581 2411 639 2473 per
656 2390 743 2472 quod
759 2389 832 2472 oapi
848 2409 906 2455 seu
923 2389 1062 2454 arestari
1077 2411 1145 2454 non
1159 2390 1278 2473 potuit,
1296 2393 1329 2456 et
1353 2390 1439 2472 quod
1461 2389 1547 2454 idem
1575 2389 1765 2473 Stephanus
1787 2387 1882 2452 nulla

581 2493 699 2558 habuit
714 2493 875 2558 bonesen
892 2493 1022 2558 catalla
1069 2493 1117 2558 Et
1130 2492 1258 2576 primus
1275 2493 1427 2559 inventor
1450 2493 1514 2559 fuit
1530 2493 1720 2558 Willelmus.
1738 2491 1880 2576 Rodyng

582 2597 638 2681 qui
656 2603 877 2681 manucaptus
894 2602 943 2664 est
959 2619 1016 2682 per
1032 2599 1233 2664 Willelmum
1249 2599 1334 2681 Lug,
1354 2598 1523 2664 Simonem
1540 2597 1657 2662 Berde.

406 2978 525 3020 cutum*
649 2977 820 3042 dohannes
835 2979 963 3060 Beneyt
979 2977 1134 3042 vicesimo
1150 2979 1293 3043 seeundo
1309 2978 1361 3043 die
1376 2977 1501 3042 mensis
1513 2976 1667 3042 ianuarii
1683 2996 1772 3041 anno
1787 2974 1882 3057 regni

582 3082 669 3164 regis
685 3082 818 3146 Ricardi
834 3080 970 3146 secundi
983 3074 1060 3164 post
1083 3087 1300 3164 conquestum
1325 3083 1465 3164 septimo
1482 3080 1600 3167 [venit]
1617 3087 1729 3146 coram'
1753 3081 1882 3144 Thomu

408 3191 465 3230 ‘⁹¹¹¹'
478 3191 557 3239 ”ms
583 3193 616 3253 et
644 3187 808 3254 Willelmo
835 3187 1085 3252 coronatoribus
1109 3187 1266 3270 predictis
1291 3190 1324 3252 et
1340 3186 1518 3269 appellavit
1534 3186 1738 3252 Willelmum
1757 3185 1882 3260 Thorn,

407 3242 547 3338 diffidi?
583 3293 746 3356 Thomam
777 3291 928 3355 Mortone
960 3291 999 3354 de
1024 3291 1212 3374 Lambythe
1238 3293 1271 3356 et
1302 3289 1499 3354 Nicholaum
1529 3291 1673 3354 Bultonc
1704 3289 1761 3372 qui
1791 3288 1881 3371 capti

407 3342 500 3382 Bultonc

574 3399 719 3462 'fuerunt
735 3417 811 3461 oum
834 3415 1036 3477 manuopera
1061 3395 1245 3478 subscripto
1268 3398 1301 3458 et
1317 3395 1352 3458 in
1368 3394 1518 3460 custodia
1542 3394 1708 3460 iohannis
1734 3394 1881 3476 Goweyn

583 3501 695 3567 ballivi
710 3499 873 3566 libertatis
890 3497 1033 3583 episcopi
1051 3499 1122 3566 Sar’
1140 3499 1179 3564 de
1196 3499 1288 3564 Nova
1306 3498 1377 3566 Sar'
1395 3498 1563 3564 commissi
1579 3499 1665 3582 quod
1681 3497 1745 3582 ipsi
1770 3545 1778 3562 .
1803 3545 1811 3562 .
1837 3545 1845 3562 .
1871 3546 1880 3562 .

850 4595 857 4624 ¹
875 4593 975 4644 Twelve
987 4608 1085 4644 names.
