4364 5736
530 540 575 612 87
925 529 926 534 ‘
999 542 1208 616 coronans
1233 561 1380 617 nonas·

529 725 656 792 domini
686 727 773 812 regis
803 729 934 796 ballivis
961 730 1048 815 quod
1075 752 1152 796 eum
1176 730 1300 798 ibidem
1329 732 1475 798 facerent
1501 731 1652 800 villatam
1679 731 1771 798 salvo
1797 733 1831 798 et

529 851 643 898 secure
658 833 834 899 custodire.
881 835 927 900 Et
944 835 1052 900 dictus
1069 836 1089 900 J
1091 836 1240 908 ohannes
1255 836 1408 920 Phelipot
1423 837 1558 902 interim
1575 859 1595 902 a
1611 837 1699 903 dicto
1714 857 1830 902 mona·
1928 919 1930 924 ι

528 937 630 1002 sterio
646 939 752 1004 evasit
768 941 801 1005 et
817 939 903 1023 fugit
919 941 1067 1007 nescitur
1084 961 1158 1025 quo.
1204 943 1251 1008 Et
1266 943 1359 1008 nulle
1373 943 1491 1033 habuit
1506 943 1638 1008 catalla.

592 1261 720 1327 Accidit
736 1261 826 1346 apud
842 1261 1085 1346 Norhempton’
1102 1262 1154 1329 die
1169 1263 1265 1328 Lune
1287 1263 1378 1349 prox’
1395 1266 1470 1347 post
1493 1264 1616 1329 festum
1638 1262 1829 1348 Epiphanio

526 1368 664 1434 Domini
679 1388 769 1433 enno
785 1368 879 1451 regni
894 1369 981 1452 regis
991 1368 1126 1434 Ricardi
1141 1369 1277 1435 secundi
1288 1369 1397 1454 primo
1407 1370 1493 1453 quod
1505 1370 1642 1454 quidam
1658 1371 1829 1436 Iohannes

369 1495 402 1525 ⁰⁰
420 1485 424 1494 “
529 1471 674 1542 Sheffeld
689 1473 847 1538 webstere
865 1472 1021 1538 inventus
1037 1474 1100 1539 fuit
1116 1477 1269 1540 mortuus
1293 1477 1326 1539 et
1348 1474 1439 1540 visus
1463 1475 1527 1540 fuit
1542 1495 1563 1541 a
1578 1473 1828 1540 coronatoribus

527 1577 739 1661 supradictis.
771 1577 964 1662 Inquieicio
979 1578 1057 1644 inde
1073 1581 1170 1662 cepta
1186 1579 1300 1644 eodem
1316 1579 1369 1644 die
1385 1600 1496 1644 coram
1519 1579 1677 1662 predictis
1692 1601 1827 1645 corona·

525 1684 661 1759 toribus
676 1703 735 1767 per
763 1686 1011 1749 sacramentum
1036 1733 1044 1748 .
1069 1733 1077 1748 .
1102 1683 1131 1748 .'¹
1152 1683 1232 1768 jur’,
1257 1684 1314 1768 qui
1330 1685 1446 1749 dicunt
1463 1705 1562 1768 super
1578 1687 1827 1751 sacramentum

526 1809 625 1854 suum
649 1837 658 1853 .
685 1837 693 1853 .
719 1837 748 1854 ..
777 1790 841 1854 nt
862 1789 949 1872 quod
970 1787 1086 1856 statim
1107 1789 1169 1855 hoc
1196 1790 1284 1855 sacto
1309 1789 1390 1855 dicti
1410 1789 1574 1856 Ricardus
1597 1793 1630 1856 et
1655 1791 1826 1856 Iohannes

525 1893 682 1976 fugerunt
698 1893 845 1960 nescitur
861 1914 925 1977 quo
941 1897 1114 1960 noctanter
1137 1894 1230 1959 nulle
1253 1896 1328 1978 post
1351 1915 1386 1961 se
1409 1895 1633 1978 relinquentes
1655 1894 1743 1960 bone
1765 1898 1825 1960 aut

524 1999 646 2064 catella
661 2019 724 2082 que
740 2007 802 2064 sua
818 1999 937 2064 forent.
982 1999 1079 2064 Istud
1101 1999 1381 2065 indictamentum
1404 2003 1500 2065 vacet
1515 1999 1569 2064 hic
1585 1999 1663 2083 quia
1677 2000 1825 2084 plenarie

523 2101 703 2168 liberatum
724 2101 792 2184 ¹fuit
818 2102 982 2170 Willelmo
1009 2102 1170 2186 Slipwith
1197 2106 1230 2168 et
1254 2103 1353 2196 sociis
1379 2103 1448 2169 suis
1468 2103 1663 2187 justiciariis
1685 2101 1826 2187 predicti

524 2205 652 2273 domini
674 2207 762 2290 regis
789 2207 832 2273 ad
857 2208 987 2290 geolam
1010 2207 1086 2274 ville
1112 2209 1229 2274 Norht’
1256 2208 1504 2275 deliberandam
1530 2208 1709 2292 assignatis
1736 2231 1825 2275 anno

523 2312 618 2396 regni
634 2312 781 2396 ejusdem
797 2313 883 2396 regie
899 2312 1001 2379 tercio
1017 2333 1128 2378 coram
1145 2313 1265 2397 quibus
1281 2313 1369 2380 idem
1384 2313 1548 2379 Ricardus
1558 2315 1696 2398 quietus
1712 2314 1786 2380 fuit.

842 3348 846 3356 ‚
954 3188 1395 3337 [ousounsnruus]

1038 3455 1158 3510 VILLA
1184 3454 1308 3508 OXON‘.

552 3593 674 3648 GASUS
693 3592 830 3648 CORON’
849 3592 902 3646 DE
922 3591 1108 3646 TEMPORE
1127 3591 1206 3644 ΑΒΕ
1226 3592 1279 3644 DE
1300 3590 1520 3646 SPALDINGE
1539 3589 1658 3644 VILLE
1678 3583 1792 3643 OXON'

767 3681 821 3734 DE
840 3680 947 3735 ANNO
966 3681 1090 3734 REGNI
1109 3680 1227 3734 REGIS
1247 3679 1435 3734 EDWARDI
1453 3678 1580 3733 XXVTO.

589 3824 736 3910 Contigit
767 3823 819 3890 die
852 3823 989 3892 Sabbati
1019 3823 1055 3888 in
1085 3823 1231 3890 crastino
1264 3822 1378 3890 Sancti
1408 3823 1533 3890 Thome
1559 3821 1708 3907 Apostoli
1732 3841 1822 3886 anno

520 3930 615 4015 regni
641 3930 728 4014 regie
754 3928 911 3995 Edwardi
935 3931 1020 3993 xxv2⁰
1045 3930 1132 4013 quod
1157 3927 1293 4012 quidam
1320 3923 1457 3994 clericus
1481 3927 1617 3994 nomine
1647 3925 1755 3992 David
1782 3924 1822 3990 de

522 4036 760 4120 Trempedhwy
774 4034 857 4101 obiit
872 4034 908 4098 in
924 4033 1071 4117 hospicio
1088 4055 1147 4099 suo
1163 4034 1220 4099 ubi
1235 4034 1393 4100 manebat
1404 4055 1520 4099 versus
1530 4035 1662 4117 portam
1678 4031 1821 4096 orienta-

520 4141 587 4206 lem
603 4141 705 4207 Oxon’
722 4143 755 4206 ct
771 4139 885 4204 eodem
902 4137 954 4204 die
970 4138 1061 4204 visus
1077 4137 1140 4203 fuit
1155 4159 1214 4223 per
1223 4138 1331 4204 Adam
1347 4138 1387 4204 de
1405 4137 1583 4222 Spaldinge
1592 4137 1821 4202 coronatorem

473 4519 476 4524 ,
554 4470 562 4499 ¹
580 4468 679 4518 Eleven
692 4482 792 4519 names.
1196 4467 1245 4518 roll
1256 4465 1362 4530 belongs
1374 4469 1401 4517 to
1413 4465 1459 4516 the
1470 4464 1533 4515 time
1551 4465 1578 4515 01
1594 4463 1706 4528 Edwerd
1718 4465 1739 4514 1.
1773 4463 1822 4514 See

553 4535 639 4584 ²Roll
652 4537 708 4594 128,
720 4531 1145 4593 onemembrsne,25-26Edu.1.,
1198 4535 1297 4597 Oaesord
1315 4535 1377 4596 cup
1394 4533 1559 4590 Documenta,
1578 4531 1617 4580 ed.
1636 4533 1741 4594 Rogata,
1766 4533 1822 4590 150,

519 4600 583 4650 with
609 4601 654 4650 the
677 4601 860 4650 endorscment
888 4601 1014 4651 ‘Botulus
1036 4601 1091 4650 Ado
1113 4601 1145 4651 de
1197 4603 1253 4651 174.
1288 4600 1344 4648 The
1363 4599 1471 4662 justicss
1492 4599 1519 4648 01
1535 4597 1594 4660 gaol
1616 4597 1729 4662 delivery
1749 4613 1821 4646 men-

521 4667 669 4731 Spaldynge
689 4681 771 4728 nuper
794 4667 954 4717 coronatoris
973 4667 1034 4716 ville
1055 4667 1145 4726 Oxon’‚
1195 4665 1284 4716 tioned
1296 4666 1324 4714 in
1341 4665 1386 4716 the
1403 4665 1452 4716 roll
1469 4680 1513 4716 are
1530 4665 1557 4716 ol
1574 4663 1620 4716 the
1637 4665 1709 4728 reign
1726 4667 1753 4716 ol
1769 4663 1820 4714 nd-

518 4747 589 4784 anno
601 4733 674 4796 regni
685 4733 753 4796 regis
768 4732 889 4784 Edwardi
906 4731 997 4784 teron·
1030 4734 1083 4784 But
1100 4732 1145 4783 the
1195 4731 1298 4783 wsrdI.
