4372 5724
1068 583 1279 639 OORONERS'
1306 583 1435 640 ROLLS.

914 866 1051 921 ADHUO
1076 866 1336 921 HUNDREDUM
1362 866 1415 920 DE
1442 864 1593 918 FLITTE.

418 1007 497 1047 nem.
506 1005 531 1045 1²
571 1017 576 1028 ·
607 1003 740 1060 Placite
757 1015 881 1058 corone
906 1004 1105 1069 presentata
1122 1003 1166 1057 ad
1184 1001 1384 1057 comitatum
1401 1001 1676 1056 Bed’dr'e·1.une
1699 998 1800 1068 prox’
1826 1001 1905 1068 post

757 1085 883 1140 festum
901 1085 932 1142 Β.
953 1084 1109 1152 Gregorii
1125 1097 1216 1140 enno
1233 1083 1331 1152 regni
1348 1083 1440 1152 regis
1457 1084 1621 1140 Edwardi
1637 1085 1760 1140 tercio.

841 2299 845 2308 -
943 2225 947 2232 ’
1030 2257 1496 2360 [anaunensium]

360 2463 371 2490 '
439 2495 525 2540 aar
615 2477 765 2534 PRIMUS
790 2474 970 2531 acuunus
996 2475 1029 2528 n.
1055 2476 1125 2528 nnn
1149 2476 1356 2530 cnuvcunn
1382 2475 1648 2531 cononnvoms
1668 2477 1852 2532 vnnrcnu
1873 2477 1911 2531 u.

957 2564 1010 2618 nn
1038 2563 1287 2618 sunrnnnonn
1312 2564 1574 2620 vrcncourns.

350 2697 354 2706 '
439 2719 542 2761 nentur
603 2703 746 2760 *Placite
763 2700 990 2758 coronatoris⁸
1006 2702 1204 2768 presentata
1229 2699 1273 2755 ad
1291 2700 1491 2756 comitatum
1509 2701 1661 2756 Bedford
1678 2701 1735 2756 die
1759 2703 1857 2757 Luna
1875 2701 1913 2757 in

636 2785 726 2842 festo
745 2786 868 2841 Sancte
887 2781 1051 2838 Katerine
1067 2781 1221 2850 Virginis
1239 2796 1328 2838 anno
1346 2783 1445 2850 regni
1460 2785 1552 2851 regis
1570 2783 1734 2839 Edwardi
1752 2787 1888 2852 quarto.

684 3433 826 3503 Ceeilie⁴
843 3455 922 3500 uxor
946 3431 1099 3516 Hugonis
1115 3432 1155 3498 de
1170 3431 1328 3498 Holecote
1343 3433 1434 3500 venit
1457 3433 1499 3500 ad
1523 3433 1719 3500 comitatum
1743 3433 1796 3500 die
1818 3435 1915 3500 Lune

619 3539 655 3604 in
687 3539 769 3604 festo
803 3537 837 3606 S.
869 3537 1027 3603 Katerine
1057 3536 1202 3620 Virginis
1233 3539 1265 3601 et
1289 3537 1487 3620 sequebatur
1510 3539 1654 3622 apellum
1686 3559 1785 3603 suum
1800 3559 1915 3630 vernus

620 3641 838 3708 Gadeiridum
868 3641 898 3705 le
931 3637 1120 3716 Stedernan,
1151 3639 1330 3722 Hugonem
1357 3641 1491 3720 Rachel,
1518 3641 1575 3725 qui
1606 3640 1740 3708 fuerunt
1772 3641 1916 3708 secundo

619 3745 813 3829 interrogati
828 3766 886 3830 per
901 3745 1045 3829 apellum
1062 3765 1159 3808 suum
1175 3763 1235 3827 pro
1250 3748 1357 3810 morte
1373 3745 1508 3811 Roberti
1524 3745 1637 3811 fratris
1653 3745 1716 3826 sui,
1727 3749 1759 3812 et
1775 3745 1916 3812 cessavit

620 3851 660 3918 de
676 3851 781 3934 apello
798 3869 858 3915 auo
873 3869 988 3916 versus
1003 3847 1205 3916 Willclmum
1221 3847 1383 3914 Pictorem
1400 3829 1443 3914 de'
1456 3849 1619 3934 Newport.

686 4185 848 4256 Ricardua
872 4187 903 4252 le
929 4186 1054 4252 Messer
1078 4183 1169 4252 venit
1196 4184 1238 4251 ad
1264 4183 1367 4252 istum
1391 4186 1587 4253 comitatum
1612 4190 1645 4254 et
1675 4187 1771 4272 petiit
1801 4208 1918 4272 pacem

620 4292 747 4362 domini
769 4290 857 4374 regis
880 4289 920 4356 de
935 4288 1108 4355 Euerardo
1131 4289 1338 4370 devastor,
1355 4289 1496 4357 Ricardo
1511 4292 1542 4357 le
1556 4292 1759 4370 Wodeward‚
1776 4313 1814 4358 eo
1830 4293 1918 4376 quod

619 4397 836 4464 minabantur
857 4394 888 4460 ci
915 4394 954 4459 de
970 4393 1040 4460 vita
1066 4395 1098 4458 et
1122 4393 1280 4458 membris
1305 4397 1338 4458 et
1369 4394 1479 4478 ipsum
1494 4396 1748 4462 verberaverant
1772 4399 1806 4462 et
1830 4395 1918 4460 maie

619 4501 856 4576 tractaverant,
873 4501 906 4564 et
922 4496 1015 4562 duxit
1031 4500 1167 4562 sectam.
1213 4497 1291 4562 ideo
1314 4501 1507 4582 preceptum
1523 4503 1573 4565 eet
1596 4500 1684 4582 quod
1706 4500 1918 4567 atachientur

620 4603 798 4674 veniendi⁶
813 4601 856 4670 ad
871 4599 1273 4686 proximumcomitatum
1289 4601 1446 4668 vadiare⁶
1462 4601 1492 4668 ei
1507 4623 1633 4686 pacem.

719 4897 726 4924 ¹
745 4891 804 4944 Roll
819 4893 842 4952 4,
855 4891 905 4942 five
916 4889 1081 4966 membranas
1094 4904 1162 4941 sevn
1175 4889 1225 4967 end
1238 4894 1264 4942 to
1276 4890 1326 4943 end
1339 4907 1368 4943 eo
1380 4907 1409 4942 as
1421 4893 1447 4941 to
1460 4893 1530 4969 torm·
1539 4909 1587 4943 one
1599 4892 1672 4958 strip,
1684 4893 1699 4943 4
1712 4891 1784 4942 Edu.
1796 4891 1817 4940 1.

589 5003 592 5010 ,
652 4965 662 4994 ²
680 4961 732 5014 sic.
891 4957 900 4986 ¹
919 4957 972 5010 ὅτε.
1149 4958 1157 4986 ⁴
1176 4957 1228 5008 Sic.
1378 4961 1387 4988 ⁸
1404 4959 1459 5010 MS.
1472 4960 1598 5010 cenwud'.
1715 4961 1725 4988 ⁰
1742 4958 1796 5010 MS.
1814 4956 1885 5010 vad'.
