4372 5724
526 629 531 639 .
571 561 618 642 47
1040 582 1248 640 ooaorvaoa’
1274 584 1405 640 noras.

570 748 728 816 Mercurii
748 752 840 834 prox’
861 756 937 836 posi
952 753 1076 820 fesium
1094 753 1282 837 prodietum
1300 775 1390 822 anno
1405 755 1595 841 supradicto
1611 756 1754 840 quedam
1769 757 1869 825 Kabe-

570 855 646 921 rina
668 855 800 940 Ronges
816 857 856 924 de
872 858 1039 943 Mossyng’
1056 879 1124 924 non
1140 879 1274 944 compos
1297 861 1420 928 mentis
1436 861 1581 928 obviavit
1604 861 1751 946 predicte
1768 863 1871 929 Alioie

571 958 661 1042 apud
683 960 713 1026 le
736 961 847 1027 Hethe
869 961 905 1028 in
921 961 999 1029 villa
1018 964 1167 1048 predicta
1182 967 1215 1030 et
1230 964 1339 1049 ipsam
1351 965 1490 1030 Alieiam
1505 965 1628 1030 ibidem
1644 987 1721 1031 oum
1736 967 1869 1050 magnis

472 1094 501 1125 n·
571 1072 691 1156 tegulis
709 1076 742 1139 eb
758 1075 862 1140 seeool
884 1075 920 1140 in
936 1076 1044 1160 eapite
1059 1075 1130 1160 ejus
1146 1077 1309 1168 peroueeit
1325 1080 1358 1144 ei
1372 1081 1489 1163 postea
1504 1077 1618 1163 injecit
1633 1099 1708 1146 eam
1724 1078 1761 1145 in
1775 1100 1869 1147 mare

394 1345 545 1395 Plagilinraa·

395 1397 449 1438 toria

393 1561 465 1610 Pregrr
474 1562 528 1611 1111«

392 1612 514 1654 vlelnorurn

389 2473 536 2522 Quotuorvil·

388 2525 540 2578 lateproplnq’

391 3675 482 3726 Wyrrob'

571 1176 694 1244 ibidem
709 1199 767 1263 per
784 1179 871 1263 quod
886 1181 1009 1265 recepit
1024 1183 1178 1248 mortem.

637 1338 809 1406 Johennee
826 1341 949 1426 Gangel

635 1443 800 1510 Robertue
815 1446 926 1530 Rogge

635 1548 807 1615 iohannes
822 1550 974 1618 Whelere

635 1653 742 1720 Adam
758 1655 860 1722 Paule

999 1361 1065 1510 jm'
1082 1386 1103 1454 J
1104 1387 1157 1453 oh’
1174 1387 1325 1472 Rakyere
1340 1387 1562 1457 inventorem.

1002 1573 1067 1719 lm’
1084 1597 1267 1664 Robertum
1283 1598 1399 1683 Paper.

635 1758 797 1826 Ricardue
813 1761 924 1844 Dyeeh

635 1863 754 1930 Petrus
770 1865 911 1932 Ponder’

635 1967 780 2036 Thomas
795 1970 946 2055 Boylond
1017 2021 1061 2081 m,
1078 2016 1165 2084 Wffl.
1182 2017 1259 2084 ΒΝ

634 2073 805 2142 Johannee
821 2076 933 2142 Fuller
997 1998 1009 2143 i
1261 2067 1268 2082 '

633 2177 804 2246 Jobannee
825 2181 988 2248 Trietram
1051 2231 1058 2255 ‚
1119 2227 1162 2258 ·‚

632 2282 798 2350 Henrioue
815 2285 922 2354 Straw
994 2210 1048 2356 im
1075 2227 1153 2296 erl
1176 2229 1337 2345 ·Amndel⁸

997 1779 1062 1924 lm'
1079 1807 1270 1876 Johannem
1287 1809 1379 1876 Troe.

631 2445 745 2512 villata
760 2447 800 2513 de
815 2446 997 2515 Wodeham
1013 2448 1197 2535 Mortymer
1250 2451 1366 2518 villota
1383 2451 1422 2520 de
1439 2453 1584 2521 Meldon'
1602 2455 1711 2523 Parvo
1798 2477 1801 2482 ·

630 2551 745 2618 villata
760 2553 800 2618 de
814 2551 998 2622 Wodehom
1008 2553 1123 2624 Weber
1249 2555 1365 2626 villata
1382 2557 1422 2624 de
1438 2557 1587 2650 Meldon.

939 3211 1499 3316 [eeoooesveesfflaar]

568 3429 748 3488 ROTULUS
779 3427 950 3486 ROBER'H
980 3431 1034 3485 DE
1062 3429 1309 3487 WHITYNTON'
1338 3429 1604 3487 CORONATORIS
1641 3429 1862 3487 OOMITA'I'US

846 3517 984 3575 GLOUG’
1003 3517 1109 3575 ANNO
1128 3518 1246 3576 REGIS
1266 3519 1428 3575 RIGARDI
1446 3519 1560 3576 XVJM.

631 3665 810 3750 Inquieioio
836 3669 934 3749 capta
961 3665 1050 3750 apud
1076 3665 1221 3749 Wyneh²
1242 3665 1294 3731 die
1319 3664 1495 3732 Dominiea
1520 3669 1611 3750 prox’
1635 3669 1711 3751 poet
1740 3667 1862 3732 festum

564 3767 816 3851 Assumpoionie
832 3767 935 3833 Beabe
950 3766 1056 3832 Marie
1072 3785 1160 3832 anno
1176 3765 1271 3849 regni
1286 3765 1372 3848 regie
1388 3765 1523 3831 Ricardi
1539 3766 1677 3832 secundi
1692 3769 1768 3850 post
1784 3787 1860 3832 oon-

561 3873 719 3955 questum
744 3870 834 3955 xvj¹³²⁰
860 3891 972 3936 eoram
999 3871 1143 3936 Roberbo
1167 3869 1376 3953 Whibynton'
1402 3890 1470 3936 uno
1500 3870 1652 3935 eornat'²
1683 3869 1862 3936 comitebus

565 3976 680 4042 Gloue'
697 3995 795 4059 super
811 3974 920 4041 visum
945 3974 1090 4058 eorporis
1107 3973 1232 4040 Thome
1247 3974 1394 4041 Wesbon’
1411 3975 1451 4038 de
1467 3974 1611 4040 Herford
1636 3995 1695 4058 per
1718 3978 1862 4058 quatuor

416 4095 436 4184 a}
460 4104 515 4186 “¹⁸0
564 4080 696 4148 villatas
711 4079 962 4165 propinquiores
977 4079 1129 4145 videlieet
1152 4079 1316 4157 Grebton'‚
1333 4079 1445 4156 Greia,
1464 4079 1628 4163 Suydeley
1644 4083 1677 4144 et
1693 4078 1801 4158 Gobes,
1826 4084 1860 4147 eb

563 4291 656 4372 well’,
673 4289 840 4357 Johannie
855 4287 1035 4376 Wynt[er]‚
1051 4286 1217 4355 Johannie
1240 4287 1374 4365 Bueeh’‚
1389 4287 1546 4354 Willelmi
1560 4287 1700 4366 Bedull’,
1724 4287 1862 4354 Roberti

562 4397 708 4482 Robyne,
726 4393 877 4460 Nieholai
904 4393 1043 4470 Sowon’,
1059 4392 1198 4461 walteri
1213 4393 1336 4470 Aleok',
1352 4391 1507 4461 Willelmi
1525 4393 1682 4479 Gervoys,
1705 4393 1862 4460 Willelmi

563 4501 661 4582 Aieys
686 4503 719 4566 et
743 4499 899 4567 Willelmi
916 4499 1108 4582 carpentar.
1154 4497 1219 4579 Qui
1234 4496 1350 4564 dieunt
1366 4519 1465 4582 super
1490 4501 1737 4564 sacramentum
1762 4517 1861 4564 suum

562 4604 649 4688 quod
661 4604 828 4672 Walterue
837 4603 978 4671 Walker’
990 4601 1030 4668 de
1040 4601 1211 4669 Lodelove
1221 4601 1275 4668 die
1284 4601 1459 4668 Dominiea
1470 4605 1562 4687 prox’
1575 4606 1654 4668 ante
1665 4602 1788 4667 festum
1800 4604 1859 4668 As-

563 4707 767 4792 eumpoionie
782 4707 885 4774 Beate
900 4707 1005 4774 Mario
1021 4727 1111 4774 enno
1127 4707 1318 4792 supradicto
1334 4707 1370 4774 in
1385 4706 1476 4792 regia
1492 4706 1546 4774 vio
1561 4706 1649 4772 inter
1670 4706 1810 4791 Wyneh'
1828 4711 1861 4771 et

596 4901 603 4931 ¹
621 4899 681 4951 Roll
698 4899 740 4958 42,
757 4911 806 4950 one
829 4897 986 4958 membrano,
1006 4899 1037 4948 lo
1056 4897 1132 4949 Rich.
1150 4899 1185 4949 11.
1235 4901 1290 4952 ton'
1302 4897 1381 4949 unius
1393 4901 1480 4948 ooron’
1492 4901 1558 4949 oom’
1571 4897 1667 4949 Glou’.'

562 4967 769 5020 Endorsement:
788 4964 915 5016 ‘Rotulue
932 4963 997 5014 Rob’
1016 4963 1048 5015 de
1066 4964 1185 5031 Whityn·
1269 4968 1279 4996 ²
1298 4963 1342 5020 Hie
1352 4963 1413 5016 here
1425 4963 1477 5016 and
1488 4964 1517 5015 in
1529 4964 1574 5016 the
1585 4963 1718 5028 following
1728 4977 1811 5016 αωοβ.
