4364 5736
534 542 580 614 79
1002 558 1210 616 coaonnns
1235 560 1367 616 nonus.

531 729 578 794 Ac
594 727 694 794 iidem
709 727 893 794 Willeimus
909 732 942 796 et
957 729 1127 796 iohannes
1147 729 1186 794 de
1210 729 1410 813 Benteleghe
1432 727 1644 813 postmodum
1666 731 1831 800 venerunt

531 831 675 898 incuria
690 835 806 898 nostra
820 853 931 899 coram
952 832 1048 898 nobis
1070 836 1104 900 et
1126 832 1227 898 finem
1251 834 1400 898 fecerunt
1422 832 1594 898 nobiscum
1618 834 1658 899 de
1680 835 1829 918 redemp-

531 935 625 1001 cione
641 956 702 1001 sua
717 936 886 1003 occasione
901 937 1061 1021 predicta.
1108 937 1182 1001 Tibi
1202 936 1403 1020 precipimus
1426 937 1513 1020 quod
1529 937 1569 1001 de
1584 937 1743 1020 exigendo
1758 959 1830 1022 pre·

531 1037 637 1104 dictos
648 1038 849 1106 Willelmum
860 1040 987 1106 Tolowe
997 1042 1030 1104 61
1042 1040 1063 1105 J
1064 1038 1232 1106 ohannem
1247 1039 1288 1105 de
1303 1039 1505 1122 Benteleghe
1517 1039 1558 1105 ad
1574 1039 1718 1124 aliquem
1730 1041 1830 1106 comi·

531 1144 641 1208 tatum
655 1144 753 1208 tuum
770 1142 909 1208 ulterius
925 1143 1096 1209 occasione
1111 1142 1261 1226 predicta
1270 1141 1407 1208 omnino
1419 1143 1646 1225 supersedeas.
1683 1145 1782 1210 Teste
1798 1144 1831 1210 J.

532 1245 572 1310 de
595 1248 735 1314 Stenore
758 1246 848 1329 apud
873 1246 1077 1330 Notingham
1101 1245 1188 1329 xviij.
1210 1245 1262 1311 die
1283 1245 1478 1312 Novembris
1499 1265 1588 1312 anno
1607 1246 1703 1330 regni
1725 1245 1833 1314 nostri

532 1349 658 1415 decimo
674 1349 827 1434 septimo.

358 1758 507 1847 ppppmtc
598 1743 783 1808 Willelmus
806 1743 911 1810 Cocus
935 1743 975 1809 de
999 1743 1232 1810 Suthelmham
1255 1741 1313 1826 qui
1335 1744 1453 1826 captus
1476 1741 1540 1807 fnit
1563 1742 1652 1826 apud
1675 1743 1833 1828 Baddeby

357 1835 442 1899 Mem-'³
533 1866 610 1911 cum
625 1846 769 1930 quodam
784 1846 921 1930 puliano
936 1845 1059 1911 ibidem
1075 1845 1186 1912 iurato
1202 1845 1283 1911 obiit
1299 1845 1335 1910 in
1356 1845 1493 1929 prisona
1515 1845 1616 1911 castri
1639 1845 1755 1912 Norbt’
1780 1847 1839 1913 die.

533 1947 709 2014 Dominica
732 1947 768 2013 in
791 1949 875 2014 festo
900 1949 1015 2017 Sancti
1038 1949 1129 2014 Petri
1143 1948 1327 2015 Advincula
1348 1967 1437 2014 anno
1455 1948 1549 2030 regni
1569 1947 1655 2030 regis
1676 1947 1833 2014 Edwardi

471 2087 480 2105 ·
534 2051 763 2117 sextodecimo.
808 2052 908 2118 Visus
923 2052 987 2118 fuit
1002 2073 1061 2137 per
1076 2053 1265 2118 iohannem
1286 2052 1317 2117 le
1338 2051 1506 2136 Waydour
1530 2053 1563 2116 et
1585 2052 1770 2118 Walterum
1793 2051 1833 2117 16

534 2155 725 2220 Pateshulle
751 2160 961 2222 coronatores
985 2155 1061 2221 ville
1087 2155 1204 2221 Norht'
1232 2155 1321 2220 inira
1347 2153 1535 2220 libertatem
1566 2153 1714 2238 ejusdem
1745 2154 1833 2221 viile'.

534 2257 713 2340 inquisicio
729 2261 827 2342 capta
842 2258 906 2324 fuit
918 2279 976 2342 per
988 2261 1235 2324 sacramentum
1244 2257 1311 2341 xij„
1324 2256 1381 2340 qui
1392 2256 1508 2322 dicunt
1519 2277 1577 2340 per
1588 2260 1835 2322 sacramentum

535 2381 634 2427 suum
665 2361 752 2444 quod
782 2361 950 2445 predictus
980 2362 1165 2430 Willelmus
1191 2381 1250 2445 per
1282 2361 1416 2438 famem,
1448 2359 1578 2426 scitim¹
1606 2363 1639 2426 et
1665 2360 1836 2426 miseriam

534 2463 739 2530 moriebatur
753 2464 789 2530 in
811 2464 960 2550 predicta
982 2465 1129 2549 prisona.
1174 2463 1348 2530 Predietus
1370 2464 1528 2548 pullanus
1550 2463 1761 2547 appreciatus
1784 2466 1835 2529 est

536 2568 578 2634 ad
593 2567 641 2652 iij.
658 2589 684 2633 s.
729 2569 900 2636 iohannes
915 2569 955 2635 de
973 2570 1110 2653 Seymor
1126 2569 1166 2634 de
1188 2568 1372 2653 Herdwyke
1395 2571 1476 2634 tunc
1499 2567 1678 2634 vicecomes
1701 2571 1734 2634 et
1757 2588 1833 2634 con·

536 2671 738 2739 stabularius
754 2673 855 2740 castri
869 2673 1009 2758 predicti
1023 2672 1245 2757 respondebit.

361 2986 512 3028 certamen
603 2961 774 3028 iohannes
785 2961 816 3026 le
834 2961 944 3029 Smale
959 2961 1017 3046 qui
1032 2963 1150 3046 captus
1166 2960 1229 3027 fuit
1245 2961 1334 3045 apud
1359 2959 1577 3028 Stokebruere
1598 2979 1658 3042 pro
1681 2959 1837 3042 burgario

536 3066 653 3132 domus
670 3065 805 3132 Roberti
821 3064 925 3132 Golde
940 3065 980 3132 de
998 3065 1217 3133 Stoksbruere
1232 3065 1313 3131 obiit
1329 3064 1365 3130 in
1380 3063 1516 3148 prisona
1531 3062 1633 3129 castri
1651 3063 1680 3126 N
1682 3063 1767 3128 orht'
1785 3065 1837 3129 die

535 3170 632 3236 Luna
647 3171 737 3253 prox’
754 3171 833 3234 ante
848 3169 971 3235 festum
989 3168 1104 3237 Sancti
1113 3167 1268 3252 Georgii³
1280 3169 1369 3252 Pape
1379 3187 1468 3233 anno
1477 3165 1573 3249 regni
1584 3165 1670 3249 regis
1680 3166 1837 3233 Edwardi

535 3273 596 3338 filii
610 3272 696 3356 regis
712 3272 868 3339 Edwardi
883 3273 947 3357 xvj.
992 3273 1092 3340 Visus
1107 3273 1170 3338 fuit
1186 3293 1244 3357 per
1260 3273 1292 3339 J.
1309 3271 1339 3336 le
1354 3271 1522 3356 Waydour
1538 3273 1570 3336 61
1586 3271 1637 3337 W.
1651 3269 1690 3335 de
1705 3271 1836 3336 Pattes·

450 3373 454 3378 ’
536 3379 627 3443 hulla
651 3381 861 3444 coronatores
886 3377 963 3443 ville
989 3376 1106 3443 Norht’
1130 3377 1258 3442 habens
1283 3376 1452 3458 quandam
1476 3374 1609 3458 plagam
1636 3373 1672 3438 in
1699 3372 1834 3440 sinistro

535 3483 640 3546 oculo.
686 3479 866 3564 Inquieicio
888 3479 966 3546 inde
989 3482 1087 3565 capta
1108 3501 1166 3564 per
1182 3482 1430 3546 sacramentum
1446 3477 1512 3561 xij„
1530 3477 1587 3561 qui
1602 3476 1717 3542 dicunt
1734 3497 1833 3560 super

535 3589 783 3652 sacramentum
808 3605 906 3651 suum
931 3585 1019 3669 qnod
1045 3585 1213 3669 predictus
1240 3584 1411 3650 Johannes
1434 3583 1470 3647 in
1493 3582 1648 3666 capcione
1672 3602 1733 3648 sua
1756 3582 1833 3647 fecit

535 3689 764 3756 resistenciam
785 3690 1009 3755 constabular’
1027 3693 1060 3755 et
1075 3688 1299 3773 franciplegiis
1314 3688 1428 3754 villata
1443 3687 1483 3752 de
1502 3685 1720 3754 Stokebruere
1743 3687 1776 3750 61
1799 3706 1834 3750 66

534 3791 713 3859 attachiari
727 3792 769 3858 ad
784 3812 900 3876 pacem
915 3813 983 3858 non
998 3792 1149 3877 permisit
1165 3812 1335 3876 quousque
1350 3790 1485 3875 quidam
1508 3789 1642 3873 ignotus
1666 3789 1705 3853 de
1719 3787 1835 3854 villata

534 3897 684 3982 predicta
699 3897 739 3962 de
754 3897 898 3980 quadam
914 3897 1007 3962 furca
1023 3897 1130 3962 ferrea
1151 3897 1262 3980 ipsum
1284 3896 1474 3962 Johannem
1496 3894 1659 3978 percussit
1682 3893 1718 3958 in
1740 3894 1835 3959 oculo

536 3999 670 4067 sinistro
686 4004 719 4066 61
742 4001 846 4066 facit⁴
870 3999 900 4066 ei
922 4002 1055 4085 plagam
1079 4001 1118 4066 16
1141 3999 1318 4066 latitudine
1341 3997 1469 4064 dimidii
1491 3997 1617 4082 pollicis
1640 4000 1673 4063 et
1696 3997 1736 4062 de
1758 4018 1834 4080 pro-

535 4105 700 4171 funditate
716 4125 820 4189 usque
835 4105 878 4171 ad
893 4127 929 4171 66
945 4105 1081 4184 cerebri,
1098 4105 1138 4170 16
1154 4126 1220 4189 qua
1231 4104 1365 4189 quidem
1376 4103 1474 4188 plaga
1485 4101 1652 4188 predictus
1663 4101 1833 4170 Johannes

535 4209 738 4276 moriebatur
754 4209 826 4275 sine
840 4210 980 4294 alicujus
995 4207 1127 4275 telonia.

361 4536 438 4578 osiam
444 4536 510 4577 aaa
601 4510 765 4576 Robertus
781 4511 820 4578 16
835 4511 1025 4596 Rysshtone
1041 4509 1186 4578 serviens
1202 4511 1327 4577 Thema
1343 4510 1383 4576 16
1406 4509 1627 4592 Mounteneye
1650 4507 1685 4572 in
1708 4506 1832 4590 Ryssh·

535 4616 612 4681 tone
628 4615 685 4698 qui
700 4615 859 4682 liberatus
876 4617 939 4683 fuit
954 4617 1088 4700 prisone
1103 4615 1205 4684 castri
1220 4617 1337 4682 Norht'
1352 4635 1413 4700 pro
1436 4612 1604 4696 arriragiis
1621 4611 1766 4695 compoti
1781 4610 1834 4675 sui

570 4772 577 4801 ¹
597 4771 649 4822 Sic.
1209 4772 1236 4823 oi
1248 4771 1441 4836 Northampton
1452 4770 1520 4821 irem
1532 4768 1641 4829 hunger,
1654 4765 1720 4826 cold,
1732 4769 1781 4816 616.

568 4837 579 4866 ²
595 4835 1158 4902 111νοὶ661616,611111611611166166611113,
1243 4839 1252 4868 ⁸
1271 4838 1324 4892 sa.
1536 4837 1545 4865 ⁴
1564 4835 1618 4888 Sic·

535 4903 691 4965 concerning
710 4919 817 4965 persons
837 4905 894 4956 who
910 4905 969 4956 died
980 4905 1009 4955 in
1021 4905 1066 4956 the
1078 4904 1159 4956 castle
