4326 5722
587 556 636 628 22
1052 571 1260 629 66666666
1285 571 1414 628 nonne.

587 762 724 810 manum
748 741 789 810 de
812 741 897 810 (11616
920 763 998 811 6666
1020 742 1172 828 nequiter
1195 747 1228 810 61
1251 743 1287 808 16
1306 743 1427 810 1616616
1440 743 1476 809 ’61
1491 743 1608 808 eontra
1622 753 1738 828 pacem
1754 743 1883 811 domini

588 849 685 932 regis,
712 851 746 915 61
776 849 855 916 cidit
880 870 998 916 nervos
1023 849 1102 915 dicti
1133 849 1278 934 digitus¹
1310 849 1381 915 ita²
1403 848 1596 915 maimiatus
1626 853 1687 927 661,
1714 853 1747 916 61
1777 851 1881 916 alium

587 953 730 1036 digitum
751 953 847 1038 juxta
870 953 996 1020 dictum
1019 953 1160 1038 digitum
1188 955 1245 1039 qui
1269 957 1407 1020 vocatur
1431 953 1579 1020 medicus
1597 953 1645 1020 ita
1669 955 1757 1038 quod
1784 955 1880 1040 fregit

587 1079 663 1124 ossa
692 1058 772 1124 dicti
802 1058 907 1143 digiti,
933 1059 1020 1126 unde
1050 1059 1244 1126 maimiatue
1268 1069 1318 1125 est
1348 1060 1388 1126 de
1413 1059 1542 1125 duobus
1571 1058 1728 1142 predictis
1757 1059 1881 1142 digitis.

587 1163 704 1229 Adhuc
734 1184 801 1230 non
831 1163 1039 1230 sufficiebant
1068 1163 1111 1231 eii
1134 1164 1224 1230 dicta
1247 1163 1381 1230 malicia
1404 1185 1466 1230 sua
1490 1166 1540 1229 661
1565 1167 1723 1247 tanquam
1752 1165 1881 1230 telonus

587 1270 739 1353 nequiter
754 1273 788 1336 et
803 1269 838 1334 in
854 1269 976 1336 folonia
991 1270 1117 1336 insultu
1133 1255 1353 1354 premeditato
1368 1273 1485 1336 contra
1507 1289 1622 1354 pacem
1645 1269 1772 1336 domini
1795 1269 1882 1354 regis

587 1375 786 1458 repercussit
809 1375 935 1440 dictum
958 1375 1147 1441 iohannem
1169 1376 1205 1440 in
1229 1375 1343 1442 dextra
1365 1379 1460 1460 parte
1482 1374 1601 1458 capitis
1623 1375 1720 1442 orbos
1742 1374 1828 1441 ictus
1848 1383 1882 1441 61

587 1481 711 1546 multos
734 1480 774 1546 (16
796 1479 867 1563 plat
889 1480 969 1546 dicti
992 1479 1091 1558 66616,
1108 1481 1156 1546 ita
1179 1481 1266 1565 quod
1289 1483 1398 1546 totum
1419 1480 1525 1564 capud
1542 1501 1640 1546 suum
1656 1480 1833 1546 excoriavit
1848 1485 1882 1546 61

588 1584 718 1650 inflavit
731 1584 818 1668 quod
833 1589 963 1668 aparte
978 1585 1117 1652 sinistra
1133 1586 1246 1652 amisit
1258 1585 1422 1652 auditum.
1459 1585 1506 1651 Et
1522 1585 1610 1651 idem
1625 1585 1739 1652 Simon
1753 1587 1881 1652 telonus

588 1689 689 1756 aliam
713 1689 869 1756 feloniam
892 1689 1010 1755 eiidem
1034 1690 1181 1756 Johanni
1204 1691 1290 1768 16611,
1314 1690 1457 1757 robiavit
1480 1690 1606 1758 dictum
1629 1690 1818 1757 Johannem
1840 1691 1881 1757 (16

589 1817 657 1860 666
672 1795 773 1860 bursa
789 1794 828 1860 de
845 1794 1034 1862 cordewano
1046 1799 1079 1862 et
1095 1795 1183 1862 inira
1199 1795 1334 1862 bursam
1350 1795 1418 1880 viij.
1431 1815 1458 1860 s.
1475 1815 1559 1861 nove
1574 1798 1716 1874 monete,
1733 1795 1881 1880 precium

589 1899 687 1964 burae
702 1899 747 1983 vj.
762 1899 796 1964 (1.

655 2005 702 2069 Et
718 2003 833 2070 cadem
848 2003 972 2069 Emma
988 2005 1120 2088 quando
1136 2003 1218 2070 vidit
1241 2005 1368 2071 dictum
1383 2004 1573 2070 Johannem
1588 2003 1698 2070 virum
1721 2026 1819 2071 auum
1834 2005 1881 2072 sic

590 2109 786 2176 ulneratum
816 2111 849 2175 61
875 2110 962 2175 male
992 2113 1174 2176 tractatum
1205 2109 1292 2176 inter
1322 2109 1460 2176 brachia
1492 2131 1553 2176 sua
1582 2113 1731 2176 recenter
1760 2111 1882 2178 levavit

591 2213 776 2280 huttesium
792 2217 825 2279 et
841 2213 903 2279 luit
919 2218 1132 2298 prosecutum
1152 2235 1210 2298 per
1233 2217 1340 2280 totam
1355 2215 1421 2279 vill'
1438 2217 1471 2281 61
1494 2215 1541 2280 616
1564 2213 1604 2280 (16
1619 2214 1697 2280 villa
1718 2215 1754 2280 in
1770 2214 1882 2281 villam

590 2323 624 2386 61
639 2319 688 2384 116
702 2317 745 2384 ad
757 2318 938 2384 Radulfum
950 2319 991 2384 de
1001 2319 1235 2402 Goudingtone
1245 2322 1473 2385 coronatorem
1486 2319 1543 2403 qui
1555 2318 1590 2383 in
1606 2319 1776 2384 crastinal
1790 2319 1882 2384 venit

590 2422 633 2488 ad
646 2423 771 2487 dictum
788 2423 977 2488 iohannem
993 2425 1026 2488 61
1036 2423 1118 2488 vidit
1130 2423 1245 2506 plagas
1257 2443 1335 2488 suae
1351 2427 1384 2488 et
1399 2421 1509 2506 ipsum
1526 2422 1572 2488 sic
1587 2422 1673 2488 male
1688 2425 1883 2488 tractatum.

589 2527 637 2592 Et
660 2526 749 2592 dicta
770 2527 895 2592 Emma
916 2529 1101 2610 protestata
1123 2527 1224 2593 estin
1240 2529 1402 2593 comitatu
1418 2549 1528 2594 eoram
1544 2531 1737 2594 coronatore
1753 2529 1839 2612 quod
1855 2529 1883 2594 si

591 2630 761 2698 Johannes
788 2630 837 2696 vir
863 2650 943 2696 suus
966 2631 1006 2695 de
1029 2631 1135 2714 plagis
1160 2632 1230 2698 6616
1256 2632 1361 2715 possit
1386 2633 1612 2698 convalescere
1633 2633 1676 2698 ad
1696 2632 1882 2716 proximum

591 2737 787 2804 comitatum
811 2737 867 2802 ult
897 2735 990 2818 sequi
1019 2735 1213 2820 inproprie
1243 2757 1384 2820 persona
1412 2757 1525 2804 versus
1556 2735 1682 2801 dictum
1714 2736 1883 2802 Simonem
1976 2777 1977 2780 =

591 2847 754 2926 tanquam
784 2861 898 2906 versus
929 2840 1082 2905 telonem.
1142 2841 1189 2906 Et
1219 2841 1305 2926 quod
1338 2841 1426 2906 idem
1459 2841 1575 2908 Simon
1608 2840 1714 2906 dictas
1745 2840 1883 2906 telonias

591 2945 739 3014 Johanni
750 2945 821 3011 viro
837 2965 897 3010 suo
913 2943 990 3010 fecit
1005 2945 1155 3029 nequiter
1167 2947 1201 3012 et
1215 2945 1251 3010 in
1264 2945 1386 3012 felonis
1396 2945 1524 3011 insultu
1535 2945 1754 3028 premeditato
1769 2949 1884 3010 contra

591 3071 706 3136 pacem
729 3050 856 3116 domini
878 3049 966 3134 regis
988 3071 1077 3116 anno
1099 3050 1198 3130 (11616,
1215 3051 1297 3130 1666,
1314 3050 1367 3116 (116
1389 3055 1423 3117 61
1444 3049 1528 3116 hora
1548 3049 1637 3116 dicta
1651 3050 1775 3116 Emma
1790 3049 1885 3116 offert

592 3157 730 3242 probare
746 3159 778 3222 et
794 3155 1017 3222 disracionare
1032 3153 1068 3219 in
1084 3155 1239 3220 omnibus
1254 3155 1362 3220 modis
1378 3155 1561 3221 secundum
1584 3153 1884 3220 consideracionem

592 3262 682 3328 curie
712 3261 839 3327 domini
869 3259 965 3342 regis,
997 3263 1030 3325 et
1061 3260 1173 3325 eodem
1205 3259 1304 3326 modo
1334 3259 1505 3325 iohannes
1535 3259 1585 3325 vir
1616 3278 1696 3323 6666
1723 3263 1884 3342 tanquam

592 3365 797 3432 maimiatue.
837 3365 903 3430 111
944 3364 1073 3431 invenit
1112 3365 1236 3448 plegios
1266 3364 1306 3431 ds
1340 3364 1567 3448 prosequendo
1598 3363 1806 3432 Gilobertum
1844 3365 1885 3430 (16

593 3472 741 3536 Pontone
757 3473 790 3536 et
805 3469 1021 3554 Radulphum
1039 3469 1203 3536 Olerioum
1219 3469 1259 3534 de
1275 3469 1495 3535 Temeseford.

616 3660 619 3667 Ι
659 3577 746 3640 Item
762 3575 804 3640 ad
819 3575 1015 3640 comitatum
1031 3573 1112 3640 Bed'
1129 3573 1182 3639 die
1197 3574 1293 3639 Lune
1309 3573 1444 3640 1616616
1462 3573 1577 3640 Sancti
1592 3573 1722 3639 Andros
1737 3571 1886 3657 Apostoli

593 3702 682 3747 anno
697 3679 780 3763 l⁰vjl⁰
794 3680 918 3744 Emma
933 3699 1002 3744 non
1018 3678 1108 3744 venit
1129 3681 1179 3743 661
1195 3678 1366 3743 iohannes
1382 3677 1432 3744 vir
1448 3699 1529 3744 suus
1544 3677 1579 3744 in
1595 3676 1729 3761 propria
1744 3698 1886 3760 persona

592 3805 654 3850 666
669 3784 771 3850 venit.
815 3784 862 3849 Et
879 3783 957 3866 quia
972 3782 1112 3866 predicti
1132 3782 1231 3865 plegii
1254 3801 1321 3848 non
1344 3782 1567 3848 interfuerunt
1590 3782 1718 3847 invenit
1741 3781 1886 3848 aliosde

592 3889 819 3973 prosequendo
835 3888 957 3954 scilicet
973 3887 1176 3952 Willelmum
1192 3886 1295 3952 Balbe
1311 3886 1351 3951 de
1366 3887 1456 3951 Riale
1479 3890 1512 3952 et
1535 3886 1717 3952 Robertum
1740 3887 1886 3970 Pippard

592 3993 632 4060 de
649 3993 880 4076 Goldingtone‚
897 3991 994 4058 etita
1016 4013 1074 4075 per
1093 3991 1256 4076 judicium
1272 3991 1451 4058 comitatus
1466 3990 1554 4056 idem
1572 3991 1688 4058 Simon
1703 3991 1817 4058 eodem
1833 3991 1887 4056 die

592 4119 660 4164 non
676 4097 740 4163 fuit
755 4099 901 4163 vocatus.

659 4203 743 4266 Item
768 4200 810 4268 ad
833 4200 1029 4267 comitatum
1053 4200 1133 4266 Bed’
1162 4199 1214 4266 (116
1240 4199 1336 4265 Lune
1360 4201 1451 4283 prox’
1481 4202 1559 4266 ante
1582 4199 1724 4266 Nathale
1751 4199 1887 4264 Domini

592 4327 682 4372 anno
697 4305 845 4391 predicto
860 4307 914 4371 et⁴
932 4305 1041 4372 dictus
1054 4307 1074 4372 J
1076 4305 1225 4371 ohannes
1236 4303 1328 4370 venit
1343 4308 1376 4370 61
1392 4303 1541 4388 sequitur
1556 4305 1592 4370 in
1608 4308 1772 4388 quantum
1786 4304 1886 4371 homo

588 4410 786 4478 maimiatus
808 4410 916 4494 potuit
931 4410 983 4478 vel
1006 4410 1129 4489 debuit,
1149 4413 1182 4476 et
1205 4407 1313 4476 dictus
1338 4408 1452 4477 Simon
1475 4408 1583 4494 primo
1598 4409 1804 4494 interogatus
1819 4430 1886 4474 non

688 4827 767 4879 Ι816.
900 4823 1046 4890 ’tapsar
1057 4825 1087 4874 B.
1219 4825 1362 4873 'crastino
1372 4821 1403 4872 B.
1536 4821 1788 4875 16161611166168.
