4372 5724
1034 568 1241 627 concarrus
1267 537 1389 628 acuas

918 991 1495 1094 [aucruucurusfflnnr]

630 1295 777 1382 Contigit
793 1298 882 1382 apud
895 1299 1111 1368 Bekenesfeld
1127 1301 1180 1367 die
1191 1302 1328 1370 Veneris
1343 1303 1494 1388 proxima
1509 1305 1588 1368 ante
1604 1302 1727 1368 festum
1746 1305 1861 1372 Sancti

563 1401 740 1468 Laurenoii
755 1423 844 1468 anno
859 1403 954 1488 regni
969 1405 1055 1488 regis
1071 1406 1227 1472 Edwardi
1249 1408 1345 1473 tercii
1364 1410 1439 1491 post
1456 1409 1677 1490 conquestum
1693 1407 1861 1478 tricesimo

563 1508 653 1572 sexto
680 1506 767 1590 quod
790 1507 961 1574 iohannes
986 1512 1055 1575 atte
1078 1511 1180 1575 Felde
1203 1511 1243 1576 de
1265 1511 1482 1578 Bekenesfeld
1504 1510 1633 1576 invenit
1647 1511 1673 1594 j.
1689 1511 1862 1580 hominem

561 1614 732 1677 mortuum
755 1611 791 1678 in
817 1612 961 1696 quadam
984 1615 1112 1680 renclle
1134 1615 1231 1698 juxta
1253 1615 1473 1682 Aldermeleld
1492 1618 1525 1680 εὴ
1546 1615 1689 1680 croftum
1705 1620 1861 1682 vocatum

561 1715 834 1783 Edwardescroit’
851 1717 887 1782 in
902 1717 1051 1801 predicta
1067 1719 1145 1784 villa
1157 1722 1189 1784 et
1206 1720 1321 1785 statim
1337 1721 1458 1785 levavit
1473 1719 1656 1797 hutesium,
1670 1720 1714 1802 pl’
1734 1721 1860 1787 Simon’

561 1821 653 1886 West
669 1823 702 1888 et
717 1821 815 1888 Walt’
833 1823 933 1900 West‚
950 1823 1078 1888 nullam
1101 1823 1251 1889 habens²
1266 1825 1400 1908 plagam
1417 1823 1475 1889 sed
1491 1823 1526 1888 in
1541 1826 1637 1907 parte
1660 1823 1860 1890 dilaceratus

560 1945 638 1991 oum
668 1924 817 1992 canibus.
867 1927 1000 1993 Primus
1027 1927 1156 1994 vicinus
1183 1929 1333 1995 videlicet
1364 1929 1509 1996 Thomas
1539 1929 1701 2012 Deruyne
1731 1928 1860 1996 invenit

561 2027 685 2112 plegios
697 2028 847 2096 videlicet
859 2031 1047 2096 iohannem
1059 2031 1144 2117 Blyk
1155 2033 1397 2099 etWillelmus²
1412 2032 1509 2117 Blylr.
1543 2033 1715 2100 Secundus
1727 2032 1859 2098 ricinus

561 2132 712 2199 videlicet
728 2133 878 2201 Andreas
895 2135 1024 2220 Smyth'
1042 2136 1169 2203 invenit
1188 2137 1232 2222 pl'
1249 2137 1400 2204 videlicet
1416 2137 1492 2204 Joh’
1509 2137 1587 2202 Dulr
1608 2139 1641 2202 et
1656 2136 1860 2204 Willelmus²

561 2235 649 2302 Duk.
711 2238 845 2304 Tercius
874 2239 1002 2306 ricinus
1034 2241 1205 2307 Galfridus
1235 2241 1441 2326 Barnewync
1471 2241 1600 2308 invenit
1629 2241 1674 2324 pl’
1706 2241 1859 2307 videlicet

560 2339 766 2406 Willelmus²
788 2340 935 2406 Norman
958 2343 991 2406 et
1015 2341 1090 2406 Joh'
1114 2341 1331 2426 Bernewyne.
1389 2341 1536 2423 Quartus
1555 2339 1684 2406 vicinus
1707 2339 1859 2407 videlicet

560 2444 636 2510 Joh’
668 2445 698 2509 le
723 2444 864 2536 'Tayllor
896 2444 1024 2512 invenit
1056 2447 1099 2530 pl’
1134 2446 1286 2513 videlicet
1315 2446 1520 2514 Willelmum
1552 2449 1621 2512 atte
1655 2445 1794 2530 Heyche
1827 2449 1861 2511 εὴ

560 2549 723 2616 Thomam
747 2551 816 2615 atte
839 2549 984 2616 Naisch’.

625 2653 775 2735 Quatuor
798 2652 910 2720 villate
933 2655 1185 2739 propinquiores
1210 2655 1361 2722 videlicet
1386 2655 1615 2732 Bekenesfeld,
1642 2655 1859 2735 Woubourn'‚

560 2759 672 2824 Penne
687 2761 720 2824 et
734 2757 889 2825 Challont
903 2759 1018 2826 Sancti
1030 2761 1058 2824 E
1062 2759 1142 2843 gidii
1157 2761 1352 2845 presentant
1365 2759 1452 2843 quod
1465 2759 1531 2825 duo
1547 2758 1695 2824 extranei
1707 2758 1860 2824 homines

559 2862 775 2928 obviaverunt
791 2861 891 2927 simul
907 2863 994 2928 unde
1011 2885 1098 2930 unus
1113 2863 1350 2931 nominabatur
1366 2862 1534 2928 Henricus
1550 2862 1657 2942 (libel,
1674 2865 1707 2928 et
1723 2863 1862 2928 dicunt³

559 2965 648 3031 idem
663 2964 829 3054 Henricus
845 2966 940 3033 Gibel
961 2967 1168 3052 percuciebat
1191 2967 1295 3034 alium
1317 2969 1514 3032 extraneum
1537 2987 1613 3031 cum
1637 2987 1704 3032 uno
1728 2967 1859 3032 cultello

559 3069 596 3134 in
611 3089 745 3154 corpore
760 3090 819 3154 per
835 3070 922 3154 quod
937 3071 1060 3156 recepit
1075 3076 1218 3138 mortem
1235 3091 1343 3137 suam.
1391 3069 1545 3136 Precium
1561 3069 1642 3136 dicti
1657 3069 1783 3136 cultelli
1797 3070 1810 3153 j
1825 3069 1857 3135 d.

560 3175 606 3239 Et
632 3175 800 3258 predictus
822 3175 989 3242 Henrious
1012 3177 1107 3244 Gibel
1131 3176 1247 3242 stetim
1271 3174 1430 3259 fugiebat.
1484 3175 1531 3240 Et
1547 3173 1634 3258 quod
1650 3195 1718 3240 non
1739 3174 1859 3240 habuit

560 3279 673 3364 alique
688 3280 817 3346 catalla.
1231 3353 1236 3362 ι

626 3384 808 3450 Duodecim
827 3384 995 3469 juratores
1011 3384 1162 3451 videlicet
1177 3385 1344 3450 Walterus
1360 3386 1430 3451 atte
1447 3383 1556 3450 Grore
1572 3385 1605 3449 et
1621 3381 1702 3448 socii
1718 3381 1771 3447 sui
1786 3401 1858 3466 pre·

560 3491 695 3556 sentant
711 3487 797 3572 quod
812 3489 948 3573 quidam
963 3491 1141 3555 extraneus
1155 3488 1256 3553 homo
1271 3493 1409 3554 vocatus
1420 3488 1587 3553 Henricus
1604 3486 1699 3553 Gibel
1715 3485 1861 3552 obviarit

560 3593 656 3660 alteri
671 3593 800 3658 homini
816 3597 972 3660 extraneo
988 3594 1023 3658 in
1040 3593 1184 3677 quodam
1205 3593 1275 3660 loco
1291 3593 1378 3658 inter
1394 3591 1651 3658 Aldemeresfeld
1668 3594 1700 3656 et
1716 3591 1861 3657 croltum

559 3701 714 3764 vocatum
730 3697 995 3764 Edwardescrolt
1011 3697 1046 3762 in
1062 3696 1220 3780 parochia
1243 3697 1282 3762 de
1305 3695 1532 3775 Bekenesleld,
1549 3697 1582 3761 et
1604 3695 1727 3760 ibidem
1751 3694 1860 3762 dictus

559 3799 726 3866 Henrious
741 3799 905 3866 insultum
922 3801 999 3868 lecit
1015 3799 1112 3866 alteri
1127 3803 1282 3866 extraneo
1298 3801 1331 3866 et
1349 3799 1460 3883 ipsum
1476 3797 1685 3882 percuciebat
1700 3819 1777 3863 oum
1793 3819 1860 3863 uno

559 3905 691 3970 cultello
706 3903 741 3969 in
758 3925 892 3989 corpore
904 3925 961 3989 per
974 3903 1061 3988 quod
1072 3903 1251 3987 recipiebat
1262 3906 1405 3968 mortem
1418 3923 1514 3969 suam
1526 3905 1559 3968 et
1572 3901 1687 3968 statim
1697 3897 1858 3984 'fugiebat

559 4013 592 4076 et
608 4012 659 4076 est
673 4009 822 4094 precium
839 4009 963 4076 cultelli
975 4009 1033 4094 jd.

625 4219 772 4304 Contigit
802 4220 892 4303 apud
925 4220 1026 4287 Stone
1057 4218 1145 4302 quod
1175 4217 1228 4284 die
1259 4215 1416 4283 Mercurii
1446 4218 1536 4300 prox'
1568 4219 1643 4301 post
1674 4215 1796 4280 festum
1826 4214 1859 4280 S.

558 4323 738 4408 Augustini
751 4344 840 4389 anno
852 4323 946 4407 regni
957 4322 1043 4406 regis
1055 4321 1212 4388 Edwardi
1224 4321 1318 4387 tercii
1330 4343 1350 4388 a
1362 4324 1544 4405 conquestu
1557 4319 1677 4402 xxxvij⁰
1690 4320 1710 4384 J
1712 4319 1860 4383 ohannes

559 4428 733 4494 Merceden
756 4427 884 4494 invenit
906 4426 1072 4510 quendam
1096 4446 1238 4509 puerum
1263 4425 1477 4491 lohannam⁴
1504 4424 1640 4489 nomine
1667 4422 1858 4488 mortuum⁴

559 4533 644 4615 que⁴
672 4531 736 4597 fuit
760 4551 818 4615 per
840 4551 961 4615 aquam
986 4530 1183 4595 bullientem
1209 4515 1426 4594 existentem³
1449 4529 1484 4593 in
1509 4517 1743 4612 quadam'olla
1765 4547 1859 4591 enea.

558 4635 663 4718 Plegii
677 4635 817 4718 predicti
833 4633 997 4700 Johannis
1010 4634 1030 4699 J
1032 4633 1181 4699 ohannes
1198 4631 1344 4698 Moisant
1360 4635 1392 4698 et
1408 4631 1571 4697 Robertus
1587 4630 1711 4717 Morti'.

625 4739 775 4821 Quatuor
798 4737 1050 4822 propinquiores
1065 4737 1217 4803 videlicet
1240 4735 1430 4816 Henricus‚⁶
1453 4737 1617 4802 Robertus
1633 4732 1860 4816 Fernclourgh

451 4879 456 4889 '
591 4884 677 4935 ¹Roll
695 4889 735 4946 12,
752 4885 895 4950 thirty-one
912 4883 1084 4944 membraneo,
1101 4881 1183 4933 36-41
1268 4882 1349 4932 ’Sia
1417 4881 1633 4947 'Supplyquod
1712 4879 1793 4930 ‘Sia

557 4951 629 5002 now.
642 4953 691 5002 111.
1268 4949 1464 5000 nemer.
1539 4927 1859 4998 mutuaenutuae.
