4302 5734
620 567 691 637 113
1087 576 1294 632 coronans·
1321 577 1450 632 noras.

621 753 713 838 gaola
728 771 827 835 super
843 748 916 816 visu
932 749 1078 834 corporis
1093 748 1232 833 predicti
1253 747 1403 814 Niclrolai
1423 769 1535 814 coram
1559 748 1688 815 Thoma
1706 749 1747 815 de
1769 749 1920 815 Lincoln’

621 860 814 923 coronatore
837 857 870 921 et
893 855 989 920 sociis
1012 854 1082 919 suis
1103 853 1189 920 dicte
1212 853 1357 919 civitatis
1380 855 1575 937 presentant
1597 875 1656 938 per
1675 858 1922 920 sacramentum

621 981 731 1027 suurn.
776 960 823 1025 Et
838 959 926 1025 idem
942 957 1121 1024 Nicholaus
1137 958 1287 1042 sepultus
1302 961 1352 1024 cst
1371 957 1406 1022 in
1427 957 1564 1023 ecclesia
1590 959 1705 1025 Sancti
1727 959 1867 1025 Martini
1886 959 1922 1022 in

621 1067 862 1150 Gonyngstrote
878 1063 913 1129 in
929 1063 1043 1129 Ebor'.

689 1311 837 1393 Quatuor
868 1305 1022 1392 parochie
1052 1304 1197 1370 civitatis
1227 1304 1328 1370 Ebor’
1359 1303 1510 1370 videlicet
1535 1303 1694 1370 Omnium
1723 1304 1922 1372 Sanctorum

623 1438 722 1501 super
745 1415 776 1479 le
802 1413 1013 1488 Pavementa
1046 1410 1168 1476 Sancte
1193 1407 1298 1473 Mar-ie
1322 1407 1358 1472 in
1384 1407 1580 1491 Castelgate,
1609 1407 1724 1474 Sancti
1748 1408 1923 1474 Michaelis

619 1523 715 1607 juxta
730 1522 867 1604 pontem
883 1517 961 1594 Use,
980 1513 1095 1582 Sancti
1111 1513 1201 1578 Petri
1222 1513 1322 1578 Parvi
1341 1534 1441 1597 super
1464 1512 1538 1578 visu
1561 1513 1706 1596 corporis
1722 1513 1878 1580 Willelmi
1893 1515 1924 1578 le

624 1625 762 1692 Nedlere
778 1620 906 1688 inventi
923 1619 1048 1685 mortui
1067 1621 1263 1701 presentant
1284 1621 1317 1684 ot
1339 1616 1454 1682 dicunt
1472 1638 1530 1700 per
1554 1620 1800 1682 sacramentum
1825 1639 1924 1682 suum

465 1739 515 1768 ⁸⁸¹¹·
623 1731 711 1815 quod
737 1727 818 1794 obiit
845 1727 951 1790 morte
976 1743 1037 1788 sua
1063 1721 1210 1787 naturali
1236 1743 1337 1787 causa
1363 1720 1554 1806 pestilencie
1573 1724 1606 1786 et
1628 1741 1696 1786 non
1719 1721 1865 1787 violenta
1887 1721 1923 1785 in

624 1835 827 1919 Coppergatc
850 1830 885 1894 in
906 1829 1007 1894 Ebor'
1029 1827 1082 1893 die
1099 1826 1237 1892 Veneris
1255 1827 1345 1910 prox’
1367 1829 1442 1910 post
1463 1827 1585 1892 festum
1608 1825 1792 1892 Advincula
1809 1825 1925 1894 Sancti

623 1937 714 2004 Petri
739 1955 827 2002 anno
854 1931 1054 2017 supradicto.
1099 1931 1198 1996 Visus
1229 1934 1261 1996 et
1292 1931 1442 2015 sepultus
1472 1950 1531 2014 per
1561 1931 1747 1996 coronator’
1777 1930 1923 1996 civitatis

622 2043 735 2109 Ebor'.
780 2039 939 2106 Inventor
966 2036 1137 2103 lohannes
1162 2036 1246 2101 Rea.
1291 2035 1395 2119 Plcgii
1420 2034 1591 2100 Johanncs
1618 2035 1720 2114 Hare,
1737 2035 1923 2102 Willelmus

623 2146 739 2214 Bridd.

690 2393 860 2459 lohannes
877 2389 916 2456 de
932 2389 1061 2455 Latona
1075 2407 1212 2453 masona
1227 2389 1343 2471 captus
1366 2389 1399 2452 et
1422 2387 1603 2452 indictatus
1626 2407 1738 2453 eoram
1760 2387 1926 2454 Willelmo

622 2499 725 2566 Welle
740 2501 774 2562 et
791 2496 887 2562 sociis
903 2494 973 2560 suis
989 2497 1069 2560 tunc
1085 2492 1214 2557 ballivis
1230 2491 1373 2557 civitatis
1389 2492 1490 2556 Ebor’
1515 2493 1555 2557 de
1577 2491 1760 2557 latrociniis
1783 2491 1865 2556 obiit
1887 2493 1925 2578 in

623 2603 758 2688 prisona
774 2602 859 2666 dicte
875 2598 1019 2664 civitatis
1031 2600 1138 2662 morte
1154 2617 1215 2661 sua
1233 2595 1380 2661 naturali
1403 2600 1436 2661 et
1457 2617 1525 2661 non
1546 2597 1690 2662 violenta
1713 2596 1766 2662 die
1786 2596 1926 2662 Sabbati

465 2730 515 2760 au·
623 2710 713 2791 prox’
725 2709 799 2790 post
817 2706 938 2769 festum
950 2699 1199 2785 Assumpcionis
1221 2701 1323 2765 Beato
1339 2699 1446 2765 Maris
1461 2699 1606 2783 Virginis
1622 2721 1711 2766 anno
1727 2701 1820 2783 regni
1836 2699 1924 2782 regis

623 2809 781 2876 Edwardi
807 2807 901 2874 tercii
925 2805 1017 2889 xxiij⁰
1042 2807 1140 2889 prout
1166 2807 1307 2887 quatuor
1334 2804 1488 2888 parochia
1513 2805 1598 2870 dicte
1622 2805 1767 2870 civitatis
1788 2804 1922 2888 propin-

624 2915 754 2997 quiores
778 2913 865 2977 dictc
889 2911 982 2994 gaola
1006 2911 1200 2992 presentant
1219 2915 1251 2974 et
1276 2907 1392 2972 dicunt
1413 2927 1512 2992 super
1538 2913 1787 2974 sacramentum
1812 2929 1922 2972 suum.

624 3021 670 3085 Et
685 3020 773 3084 idem
789 3017 960 3084 lohannes
975 3014 1065 3080 visus
1080 3017 1113 3079 et
1129 3013 1279 3098 sepultus
1295 3035 1353 3096 per
1369 3014 1553 3079 coronator'
1570 3013 1657 3080 dicte
1672 3013 1829 3080 civitatis.

689 3361 870 3447 Inquisicio
894 3365 991 3446 capta
1018 3381 1129 3426 coram
1154 3359 1426 3424 coronatoribus¹
1456 3359 1599 3426 civitatis
1624 3360 1725 3427 Ebor'
1754 3361 1794 3426 de
1817 3363 1923 3426 morte

623 3467 779 3536 Willclmi
809 3467 839 3532 le
869 3467 982 3550 Yonge
1013 3464 1179 3530 interfecti
1209 3463 1298 3548 apud
1329 3464 1430 3528 Ebor‘
1457 3463 1492 3528 in
1519 3465 1711 3548 crepusculo
1738 3465 1845 3530 noctis
1871 3465 1923 3530 dic

624 3571 799 3638 Dominica
814 3571 904 3654 prox’
920 3572 995 3653 post
1012 3569 1134 3634 festum
1149 3566 1398 3650 Assumpoionis
1413 3568 1516 3633 Beate
1540 3569 1645 3634 Maria
1667 3569 1813 3652 Virginis
1836 3589 1924 3634 anno

625 3675 814 3760 supradicto
829 3693 888 3758 per
903 3676 1046 3757 quatuor
1061 3671 1234 3756 parochias
1250 3671 1500 3755 propinquiores
1521 3672 1671 3739 videlicet
1694 3675 1797 3739 Beate
1820 3673 1925 3739 Marie

487 3802 537 3830 ⁰¹1·
624 3779 762 3854 Veteris,
794 3779 896 3843 Beate
926 3776 1032 3842 Maria
1058 3776 1089 3841 le
1115 3775 1288 3858 Bisshope‚
1317 3776 1431 3842 Sancti
1457 3777 1596 3842 Martini
1623 3777 1658 3842 in
1683 3778 1862 3862 Mekilgate
1892 3783 1926 3845 et

628 3883 743 3952 Sancti
769 3882 949 3948 Clementis
968 3881 1003 3945 in
1025 3881 1280 3964 Clementhorpe
1302 3879 1444 3964 juratas,
1461 3882 1543 3964 qui²
1566 3882 1683 3948 dicunt
1699 3904 1799 3967 super
1816 3905 1926 3949 sacra-

625 3991 778 4054 mentum
794 4007 892 4050 suum
909 3985 996 4069 quod
1011 3985 1176 4050 Bobertus
1192 3984 1232 4050 de
1247 3985 1356 4050 Berne
1371 3986 1558 4069 predictum
1571 3988 1773 4054 Willelmum
1790 3989 1927 4054 felonice

626 4091 790 4158 interfecit
806 4090 894 4174 apud
910 4090 1011 4155 Ebor’
1028 4089 1080 4154 die
1096 4089 1285 4172 supradicto
1301 4111 1376 4154 oum
1392 4090 1535 4174 quodam
1556 4092 1687 4157 cultello
1710 4093 1767 4176 qui
1789 4097 1927 4159 vocatur

451 4208 472 4230 ²·
504 4209 519 4248 ·¹
627 4197 766 4280 daggerc
790 4193 891 4279 precii
911 4193 938 4278 j.
964 4193 996 4258 d.
1041 4193 1089 4258 Et
1118 4193 1286 4277 prodictus
1313 4194 1476 4260 Bobertus
1507 4196 1622 4262 statim
1653 4197 1749 4282 fugit.
1797 4197 1928 4264 Catulla

626 4299 747 4385 prelati
776 4298 912 4364 Robcrti
942 4297 1035 4364 nulla
1065 4297 1154 4363 infra
1178 4297 1365 4364 libertatem
1405 4297 1547 4365 civitatis
1584 4299 1698 4368 Ebor’.
1759 4301 1857 4368 Visus
1893 4307 1928 4368 ct

627 4403 776 4488 sepultus
791 4423 850 4488 per
867 4403 1027 4468 Thomam
1044 4401 1085 4467 de
1100 4401 1250 4468 Lincoln'
1268 4406 1506 4469 coronatorem.
