4364 5736
482 1851 513 1890 De

1129 563 1336 643 oonounes’
1360 587 1491 644 nonus.

1057 988 1556 1090 [STAFFORDSHIRE.¹]

1066 1201 1245 1258 huruuua
1271 1202 1545 1259 CORONATORIS.

723 1351 866 1418 Jacobus
893 1349 933 1415 ds
960 1347 1117 1432 Boghays
1147 1348 1271 1414 electus
1301 1353 1351 1415 est
1382 1350 1424 1417 ad
1455 1349 1600 1416 officium
1631 1349 1836 1416 coronatoris
1867 1351 1958 1434 opud

659 1455 812 1524 Stafford'
834 1455 869 1519 in
890 1454 988 1537 pleno
1013 1455 1174 1518 comitatu
1199 1473 1314 1520 mense
1338 1453 1456 1520 Marcii
1482 1474 1571 1520 anno
1596 1453 1690 1538 regni
1712 1455 1800 1538 regis
1822 1455 1959 1521 Ricardi

656 1560 793 1626 secundi
807 1561 883 1643 post
898 1558 1116 1640 conquestum
1132 1576 1231 1622 nono.

700 1772 933 1836 Presentatum
948 1777 999 1834 est
1021 1788 1080 1852 per
1103 1767 1276 1834 duodecim
1297 1768 1451 1852 juratos²
1469 1769 1621 1854 burgagii
1637 1769 1712 1836 ville
1739 1769 1822 1836 Novi
1846 1771 1956 1838 Gastri

481 1855 616 1945 wstt‘lh„
655 1877 774 1941 subtus
797 1876 940 1959 Lymsm
961 1871 1114 1942 videlicet
1139 1921 1146 1936 .
1172 1921 1180 1936 .
1206 1873 1228 1936 ,ὅ
1250 1873 1307 1956 qui
1330 1873 1446 1940 dicunt
1468 1894 1526 1958 per
1550 1877 1761 1941 sacramenta
1784 1895 1845 1940 sua
1868 1877 1955 1959 quod

654 1980 707 2046 die
723 1976 898 2044 Dominica
913 1976 948 2040 in
965 1976 1049 2041 festo
1071 1975 1198 2041 Pssohe
1221 1996 1310 2042 anno
1326 1975 1413 2061 regis
1429 1977 1620 2062 supradicto
1642 1979 1726 2044 hora
1741 1999 1956 2062 vesperarum

653 2082 825 2150 contencio
840 2083 932 2146 mota
955 2079 1018 2145 fuit
1041 2080 1128 2145 inter
1144 2080 1347 2147 Willelmum
1362 2080 1468 2146 filium
1491 2081 1656 2147 lohannis
1681 2082 1792 2150 Smale
1808 2083 1848 2148 de
1863 2083 1892 2148 N
1894 2103 1957 2148 ovo

653 2190 772 2256 Castro
787 2189 820 2252 et
836 2187 856 2252 J
857 2187 1024 2252 ohannem
1046 2184 1153 2250 filium
1169 2184 1307 2252 Henrici
1322 2185 1502 2252 Hobbeson
1518 2185 1558 2251 de
1574 2185 1702 2252 Chedul
1718 2187 1808 2270 apud
1823 2185 1956 2253 Novum

653 2295 809 2361 Castrum
824 2291 860 2356 in
876 2292 946 2356 loro
962 2289 1041 2355 ferri
1056 2289 1247 2374 exopposito
1267 2289 1365 2356 domo
1380 2289 1536 2356 Willelmi
1551 2291 1785 2375 Breryhurste,
1802 2291 1851 2358 ita
1866 2293 1956 2376 quod

651 2398 818 2484 predictus
843 2394 1013 2462 lohannes
1038 2393 1176 2459 felonice
1206 2394 1370 2477 percussit
1394 2393 1580 2479 predictum
1607 2395 1810 2462 Willelmum
1843 2396 1955 2462 Smale

651 2522 728 2568 cum
744 2500 887 2584 quodam
900 2497 1032 2562 cultello
1043 2497 1195 2564 exlatere
1212 2497 1326 2564 dextro
1337 2518 1395 2581 per
1408 2498 1494 2581 quod
1506 2497 1629 2584 recepit
1640 2501 1793 2565 mortem.
1824 2499 1955 2566 Habuit

647 2607 725 2690 jura
740 2603 874 2670 ecclesie
890 2605 923 2667 et
940 2602 1056 2666 statim
1072 2601 1165 2666 obiit.
1212 2601 1305 2667 Geva
1327 2604 1435 2668 mater
1451 2601 1523 2685 ejus
1539 2601 1603 2668 fnit
1614 2601 1712 2686 juxta
1727 2621 1804 2667 eum
1820 2603 1955 2686 quando

650 2710 741 2776 obiit.
787 2706 926 2772 Levavit
941 2706 1131 2772 clamorem.
1176 2705 1348 2772 Venerunt
1363 2705 1404 2771 de
1419 2704 1579 2790 burgagio
1601 2705 1750 2790 predicto
1765 2709 1798 2772 et
1813 2707 1952 2773 manda·

650 2818 771 2881 verunt
796 2815 871 2898 post
903 2811 1063 2877 Jacobum
1091 2811 1131 2876 de
1158 2810 1316 2895 Boghaye
1340 2813 1570 2878 coronatorem
1592 2813 1626 2877 et
1649 2831 1707 2895 per
1729 2810 1839 2876 visum
1862 2811 1954 2876 illius

648 2923 802 2986 mortuus
818 2917 968 3001 sepultus
984 2915 1047 2982 fuit
1063 2915 1115 2981 die
1132 2918 1299 2998 sequente.
1345 2915 1425 2981 Felo
1441 2915 1556 2981 statim
1572 2915 1658 3000 fugit
1670 2917 1703 2982 et
1715 2915 1819 2982 nichil
1833 2915 1954 2982 hahuit

648 3025 683 3090 in
699 3023 805 3090 bonis.
850 3019 1003 3086 Precium
1020 3019 1145 3084 cultelli
1156 3019 1182 3102 j.
1196 3019 1227 3083 d.

714 3323 948 3388 Presentatum
971 3322 1022 3385 est
1043 3339 1101 3404 per
1125 3318 1297 3384 duodecim
1317 3319 1384 3402 jur’
1409 3319 1449 3383 ds
1471 3318 1538 3383 hiis
1561 3319 1684 3418 villatis
1711 3319 1950 3404 Balterleygh’,

647 3428 870 3513 Bettyleygh',
895 3423 1109 3508 Audoleygh',
1136 3423 1193 3507 qui
1217 3423 1332 3488 dicunt
1356 3443 1415 3506 per
1445 3427 1661 3489 sacramenta·
1686 3444 1749 3490 sua
1779 3424 1865 3508 quod
1896 3425 1951 3490 die

511 3579 546 3608 m„
647 3532 767 3599 Martis
792 3533 827 3596 in
855 3531 938 3595 iesto
965 3527 1080 3596 Sancti
1107 3527 1260 3592 Barnabe
1285 3527 1434 3610 Apostoli
1461 3547 1551 3592 anno
1577 3527 1672 3611 regni
1698 3527 1785 3610 regis
1815 3528 1951 3594 Ricardi

498 3621 517 3659 ⁰'
579 3632 591 3661 ⁰
648 3635 830 3722 supradicti
857 3633 984 3698 decimo
1006 3631 1089 3697 hora
1112 3631 1221 3714 prima
1244 3630 1309 3694 diei
1332 3629 1494 3696 Ricardus
1511 3631 1550 3696 de
1569 3630 1668 3698 Stoke
1684 3631 1792 3715 colyer
1809 3632 1951 3698 succidit

647 3743 816 3828 quandam
841 3738 991 3804 trondem
1007 3735 1047 3800 ds
1063 3735 1207 3818 quadam
1230 3735 1385 3818 querculo
1407 3735 1496 3800 inira
1518 3757 1656 3819 parcum
1672 3736 1712 3801 ds
1734 3736 1897 3821 Heleygh'
1915 3741 1951 3803 et

646 3870 704 3933 per
720 3843 942 3913 infortunium
958 3841 1047 3906 dicta
1063 3841 1154 3905 frons
1169 3839 1285 3904 cecidit
1300 3860 1399 3923 super
1415 3843 1514 3924 caput
1530 3861 1628 3905 suum
1645 3843 1677 3906 et
1692 3861 1770 3905 eum
1785 3841 1951 3925 oppressit

646 3959 680 4021 et
696 3953 810 4020 statim
826 3949 917 4016 obiit.
962 3945 1067 4012 Alicio
1083 3965 1163 4010 uxor
1180 3945 1250 4028 ejus
1269 3945 1377 4028 primo
1393 3945 1521 4010 invenit
1536 3965 1624 4011 eum.
1670 3945 1809 4012 Levavit
1824 3947 1951 4012 clamo-

646 4079 729 4124 rem.
774 4053 945 4122 Venerunt
972 4051 1083 4116 villate
1109 4049 1255 4133 predicte
1281 4051 1315 4114 et
1340 4049 1586 4115 mandaverunt
1613 4053 1687 4134 post
1712 4050 1874 4116 Jacobum
1906 4051 1949 4117 de

646 4162 803 4246 Boghaye
819 4143 1046 4224 coronatorem
1062 4157 1095 4219 et
1109 4175 1168 4237 per
1183 4154 1293 4220 visum
1316 4153 1405 4218 illius
1428 4157 1580 4219 mortuus
1596 4155 1746 4240 sepultus
1762 4155 1826 4221 tuit
1842 4156 1877 4220 in
1893 4157 1949 4223 dis

647 4269 813 4352 sequente.
859 4260 962 4344 Plegii
977 4258 1123 4344 predicto
1138 4259 1240 4324 Alicie
1255 4258 1409 4324 veniendi
1425 4279 1536 4325 coram
1548 4259 1744 4343 justiciariis
1759 4260 1948 4326 itineranti·

646 4375 709 4440 bus
724 4371 907 4440 Willelmus
923 4365 1042 4442 daune,
1058 4364 1222 4429 Ricardus
1238 4364 1355 4430 Bothe.
1401 4365 1510 4430 Frons
1526 4369 1598 4431 erat
1614 4365 1739 4432 nullius
1754 4365 1885 4432 valoris.

680 4701 686 4730 ¹
705 4695 763 4747 Roll
777 4694 833 4751 163,
845 4695 895 4740 two
907 4689 980 4740 skins
991 4687 1080 4750 joined
1092 4701 1120 4736 so
1128 4690 1191 4736 asto
1199 4687 1265 4736 lorm
1318 4685 1373 4736 'l'he
1386 4701 1456 4737 seme
1468 4700 1576 4736 coroner
1594 4701 1704 4750 appears
1716 4687 1744 4736 in
1756 4687 1792 4736 sll
1805 4687 1850 4736 the
1862 4702 1945 4737 cases.

645 4753 1097 4816 onemembrene‚9-16Rich.11‚;
1115 4753 1268 4814 &mining
1350 4754 1484 4802 'durator
1504 4753 1527 4801 is
1543 4752 1605 4801 here
1624 4755 1726 4802 written
1745 4753 1773 4802 in
1792 4753 1857 4811 lull;
1876 4753 1943 4802 else-

645 4828 791 4892 twenty·six
808 4825 1007 4888 presentments.
1019 4824 1063 4869 teu
1076 4821 1103 4868 ol
1119 4817 1205 4868 which
1223 4833 1267 4868 are
1317 4817 1402 4867 where
1414 4819 1441 4866 iu
1453 4818 1499 4867 the
1510 4821 1641 4868 coroners’
1654 4819 1717 4869 rolls
1726 4819 1771 4868 the
1779 4820 1945 4870 contraction

644 4899 677 4961 by
690 4897 735 4946 the
746 4895 832 4957 jurors
841 4892 867 4940 ol
879 4886 1031 4942 Nenenene,
1041 4885 1094 4934 end
1105 4884 1167 4934 nine
1179 4885 1212 4947 by
1220 4883 1265 4934 the
1310 4884 1369 4948 jur’
1382 4885 1405 4932 is
1417 4883 1549 4948 generally
1561 4885 1652 4934 lound.

642 4965 728 5028 jurors
751 4961 778 5011 ol
800 4955 940 5019 Balterley,
963 4953 1061 5016 Betley‚
1082 4950 1135 5001 eud
1157 4950 1265 5015 Audley.
1348 4949 1475 5001 'Twelve
1486 4965 1586 5001 names.
