4364 5736
859 524 863 530 .
992 475 1198 532 CORONERS'
1222 477 1353 534 ROLLS.
1398 511 1400 515 ·

349 1394 483 1436 Eundem·
591 1381 719 1449 Accidit
735 1376 823 1467 apud
846 1383 1019 1449 Everdenc
1035 1381 1088 1448 die
1102 1381 1240 1448 Veneris
1262 1374 1298 1446 in
1321 1383 1405 1448 festo
1428 1382 1661 1465 Apostolorum
1677 1383 1823 1471 Philippi

525 1491 558 1554 ct
585 1489 709 1573 Jacoby
734 1510 822 1554 enno
846 1489 940 1572 regni
964 1487 1050 1571 regis
1075 1487 1232 1552 Edwurdi
1252 1487 1346 1553 tercii
1372 1509 1392 1552 e
1417 1490 1598 1572 conquestu
1624 1491 1715 1555 sexto
1735 1490 1823 1573 quod

524 1594 632 1662 Adam
658 1594 895 1678 Waundevyllc
913 1593 1076 1659 inventus
1099 1593 1162 1657 fuit
1185 1595 1348 1670 mortuus,
1373 1596 1405 1658 et
1429 1593 1505 1658 inde
1528 1596 1625 1676 captu
1647 1593 1823 1678 inquisicio

475 1775 477 1780 ¹
525 1719 637 1764 coram
667 1699 831 1765 Willelmo
857 1699 898 1765 de
923 1699 1052 1766 Voldon
1082 1701 1276 1765 coronatore
1299 1697 1439 1782 hospicii
1463 1697 1590 1764 domini
1616 1700 1702 1782 regis
1727 1707 1760 1767 et
1791 1702 1822 1782 J,

526 1805 623 1870 Turre
638 1807 831 1870 coronatore
846 1805 1025 1870 comitatus
1048 1805 1088 1869 de
1111 1807 1218 1870 morte
1240 1803 1379 1887 predicti
1402 1803 1471 1870 Ado
1494 1824 1553 1887 per
1576 1809 1823 1871 sacromentum

527 1957 534 1972 .
560 1957 568 1972 .
594 1908 622 1972 .¹
643 1908 721 1992 jur’‚
738 1908 795 1991 qui
810 1908 925 1974 dicunt
940 1928 1039 1992 super
1055 1910 1301 1974 sacromentum
1318 1929 1416 1972 suum
1439 1907 1533 1996 quod*
1549 1907 1602 1974 die
1625 1908 1646 1973 J
1647 1909 1717 1974 ovis
1731 1910 1821 1994 prox’
1888 1967 1890 1974 .

526 2015 604 2077 onte
619 2012 742 2077 festum
757 2013 989 2096 Apostolorum
1005 2011 1151 2096 Philippi
1167 2015 1199 2078 et
1214 2012 1340 2097 Jacoby
1359 2012 1443 2078 horu
1465 2032 1678 2096 vesperarum
1694 2012 1824 2079 invilla

526 2118 566 2183 de
592 2117 931 2208 Everdencflquedcm
956 2118 1127 2184 contencio
1153 2121 1245 2184 motu
1275 2103 1339 2182 fuit
1369 2117 1457 2183 inter
1488 2101 1652 2183 furnilium
1679 2107 1823 2206 hospicii

527 2222 654 2287 domini
669 2222 754 2306 regis
770 2225 803 2288 ct
819 2223 1094 2288 communitatem
1117 2221 1230 2288 villute
1252 2222 1398 2305 predicte
1414 2221 1449 2286 in
1464 2221 1613 2288 monerio
1637 2222 1767 2288 obbatis
1783 2224 1824 2289 de

526 2325 615 2404 Bor'‚
640 2327 687 2392 itu
710 2327 797 2410 quod
812 2327 975 2412 predicti²
993 2327 1244 2393 communitatis
1267 2329 1425 2410 ingerunt
1447 2327 1559 2411 plures
1580 2327 1623 2392 ad
1639 2327 1823 2393 ecclesium.

462 2475 463 2479 =
527 2431 573 2496 Et
598 2431 643 2496 ibi
667 2435 829 2497 venerunt
856 2431 995 2515 predicti
1019 2433 1123 2498 fumil’
1148 2432 1235 2516 regis
1261 2453 1365 2516 usque
1388 2432 1430 2497 ed
1453 2453 1589 2496 murum
1611 2431 1767 2498 cimiterii
1791 2437 1824 2498 et
1909 2486 1913 2492 .

527 2558 615 2602 unus
640 2538 680 2602 de
705 2537 831 2604 familie
856 2538 942 2621 regis
967 2539 1062 2622 cujus
1089 2559 1212 2602 nomen
1240 2537 1396 2620 ignorent
1420 2537 1583 2622 percussit
1609 2537 1825 2621 predictum³

525 2643 634 2708 Adam
658 2664 734 2708 cum
757 2665 825 2708 unu
848 2643 971 2727 sagitto
994 2643 1079 2709 sicut
1102 2644 1194 2708 stetit
1218 2644 1253 2708 in
1270 2643 1450 2728 cymteri0⁴
1467 2643 1528 2708 sub
1545 2646 1671 2710 costere
1687 2643 1824 2709 sinistro

527 2768 631 2831 usque
659 2748 701 2813 od
726 2765 781 2812 cor
808 2747 896 2813 unde
920 2750 1044 2831 stutym
1065 2748 1156 2812 obiit.
1203 2748 1322 2813 Motill’
1342 2748 1432 2832 Deye
1456 2748 1662 2832 primosum
1685 2748 1823 2814 invenit.

353 2841 414 2891 ’Μ’
527 2850 632 2935 Piegii
648 2850 817 2918 Goliridus
833 2850 868 2915 in
885 2851 1024 2934 Angulo,
1041 2852 1062 2916 J
1063 2851 1228 2916 ohannis⁴
1245 2851 1361 2935 Lylye.

594 2956 640 3020 Et
671 2955 717 3019 ibi
747 2957 910 3021 venerunt
940 2956 1000 3040 iiij.
1030 2955 1280 3040 propinquiores
1312 2956 1424 3020 villote
1454 2954 1605 3020 videlicet
1637 2954 1823 3033 Everdone,

528 3059 696 3144 Buddeby,
724 3060 819 3138 Foll',
845 3061 1105 3126 Doddsfordeet
1125 3063 1345 3144 presentent⁵
1369 3061 1404 3124 in
1427 3059 1583 3124 omnibus
1606 3059 1692 3124 sicut
1713 3059 1824 3143 inqui-

263 3256 265 3260 ·
528 3165 617 3231 sioio.
663 3165 815 3231 Preoium
845 3186 943 3234 orcus
973 3187 1050 3231 oum
1081 3167 1203 3252 sagitto
1230 3167 1273 3252 η’.
1302 3167 1333 3232 (1.
1378 3165 1501 3234 Villotu
1525 3165 1565 3230 de
1589 3163 1745 3232 Everdon
1774 3187 1824 3230 re·

492 3289 496 3292 ·
529 3270 712 3354 spondebit.

859 3889 914 3989 [N
918 3880 1489 3988 ORTHAMPTONSHIREr]

303 4119 305 4122 ’
353 4109 440 4150 ”em-¹
542 4159 545 4168 ,
596 4107 780 4174 ⁷Robcrtue
807 4105 1010 4192 Botevyleyn
1034 4105 1215 4172 vicecomes
1242 4106 1358 4172 Norht'
1380 4103 1565 4172 Luureuoio
1592 4091 1771 4173 Strcttone
1793 4108 1827 4170 et

530 4216 551 4281 J
552 4213 678 4280 ohonni
693 4213 894 4297 Houghtone
909 4214 942 4278 et
959 4211 1055 4289 sociis
1072 4211 1140 4278 suis
1156 4211 1405 4278 coronatoribus
1425 4210 1588 4277 libertatis
1611 4210 1687 4278 ville
1709 4209 1826 4276 Norht'

464 4321 468 4326 ’
530 4321 683 4388 salutem.
729 4319 928 4386 Mandatum
944 4317 1071 4384 domini
1086 4317 1173 4402 regis
1189 4317 1224 4382 in
1239 4317 1300 4409 heo
1315 4316 1416 4382 verbo
1430 4316 1550 4400 recepi.

595 4425 780 4492 Edwardus
796 4423 849 4490 dei
863 4422 975 4507 grecie
997 4444 1053 4490 rex
1076 4422 1193 4506 Anglie
1215 4425 1248 4488 et
1271 4421 1412 4488 Francis
1435 4425 1468 4489 et
1491 4421 1646 4488 dominus
1668 4419 1828 4488 Hibernio

484 4701 485 4704 =
562 4664 800 4717 ¹Twelvenames.
937 4664 1019 4716 rste.
1090 4724 1093 4732 Ι
1203 4667 1259 4715 turn
1273 4667 1283 4727 [
1296 4665 1435 4726 ic]‚'cume
1448 4662 1657 4726 undpresentod.
1741 4701 1745 4708 .

561 4735 571 4765 ¹
588 4734 643 4784 ΜΒ.
656 4731 799 4796 predictus.
939 4733 948 4761 ⁴
967 4731 1020 4782 so.
1236 4733 1246 4760 ⁶
1262 4727 1829 4790 Roll118,twomembrenee‚50Edw.111.-

549 4803 571 4830 *⁵
588 4801 619 4848 In
640 4799 685 4850 the
703 4801 753 4847 tuo
773 4795 911 4860 preceding
929 4797 1028 4847 entriee
1037 4795 1082 4846 the
1094 4797 1153 4846 four
1203 4796 1352 4847 wicun.
1492 4810 1497 4817 ·

527 4866 595 4926 ville,
609 4864 655 4916 ‘de
671 4863 786 4927 quelibet
803 4863 851 4927 iiij.
868 4863 988 4930 homines
1000 4867 1026 4914 ct
1037 4861 1151 4927 proposi·
1236 4867 1269 4893 ²⁴
1287 4862 1352 4913 This
1365 4861 1388 4912 is
1400 4877 1469 4913 serm
1480 4865 1507 4913 to
1519 4877 1597 4912 mem.
1611 4862 1634 4911 1.
