4372 5724
625 563 673 636 65
1092 581 1300 637 oonoxuns
1325 582 1456 637 noma

624 750 1525 836 lereyenoontresapcezcaacoronnecndifflcla
1568 751 1923 835 Equaulcaalemorl

625 876 645 922 a
659 859 747 920 cosio
762 855 894 921 follonia
908 856 996 922 aveii
1011 857 1082 938 layl
1097 856 1364 922 iclloucaaamaut
1385 877 1480 921 come
1500 857 1600 922 lcllon
1614 862 1729 920 nostro
1743 855 1877 938 seignur
1891 855 1923 920 lc

625 981 684 1044 rcy
699 960 788 1026 cisen
814 961 894 1026 fuist
914 965 1053 1026 lantoni.
1097 962 1127 1025 Ε
1151 982 1277 1026 maome
1297 976 1385 1026 ceste
1406 962 1605 1043 llargamta,
1620 961 1662 1025 ke
1682 961 1719 1024 iu
1744 960 1778 1024 la
1802 961 1923 1024 femme

625 1063 757 1130 willam
772 1064 813 1130 da
828 1063 962 1130 Chaatcl
977 1064 1018 1130 dc
1033 1065 1232 1130 Berncwellc
1250 1066 1341 1148 juste
1358 1065 1467 1131 Undel
1481 1086 1500 1129 e
1514 1065 1554 1129 ke
1569 1085 1610 1148 cy
1624 1068 1686 1139 eal,
1701 1063 1923 1129 ncachcment

626 1189 751 1234 metune
765 1168 800 1233 la
813 1168 897 1234 hure
920 1170 1092 1234 mosmale
1107 1169 1185 1252 jour
1208 1190 1335 1234 meame
1349 1169 1380 1234 le
1395 1191 1440 1234 an
1460 1170 1631 1234 acanlditz
1647 1189 1666 1232 a
1680 1189 1723 1233 cn
1744 1188 1870 1233 maome
1891 1167 1922 1230 lc

625 1273 684 1356 luy
706 1273 877 1338 avnnlditz
903 1273 976 1338 lava
998 1274 1048 1338 hu
1071 1295 1089 1340 e
1113 1295 1190 1358 crya
1214 1295 1272 1339 sur
1295 1275 1330 1359 ly
1355 1275 1525 1340 avanldist
1550 1274 1662 1340 Johau
1687 1274 1865 1356 Blogwjne
1881 1272 1922 1336 dc

626 1378 754 1444 Undelc
768 1399 861 1444 coma
876 1399 934 1444 aur
949 1379 1047 1444 fellou
1062 1383 1176 1444 nostra
1191 1380 1325 1463 seignur
1340 1380 1371 1446 la
1384 1401 1444 1464 ray
1458 1401 1478 1444 c
1491 1379 1572 1463 aiu’y
1587 1379 1789 1444 iracchmeut
1803 1377 1844 1441 dc
1858 1377 1923 1441 vila

625 1502 669 1548 en
692 1481 756 1547 vsse
777 1481 871 1565 jakaa
893 1483 962 1548 alea
985 1483 1046 1566 iiij.
1071 1483 1153 1548 vilaa
1175 1483 1373 1566 prochainca
1396 1504 1439 1549 on
1463 1484 1559 1548 viron
1581 1504 1600 1548 a
1621 1482 1695 1546 anui
1720 1482 1789 1547 alca
1811 1481 1922 1546 bailiiu

626 1589 740 1652 nostra
755 1585 889 1670 seignur
903 1587 935 1651 lc
949 1607 1008 1671 ray
1018 1608 1037 1653 e
1048 1587 1106 1652 dea
1122 1587 1231 1652 bailila
1246 1608 1284 1653 aa
1298 1609 1477 1653 corounara
1487 1608 1506 1652 a
1517 1587 1590 1652 enai
1600 1608 1621 1652 a
1632 1586 1789 1670 prochain
1803 1589 1923 1650 counio

626 1689 669 1756 ko
683 1709 740 1757 oro
754 1695 816 1757 cal.
860 1691 891 1756 Ε
908 1691 985 1776 aily
1000 1693 1152 1758 avanldil
1174 1693 1286 1758 Johau
1308 1693 1486 1776 Blogwync
1501 1692 1542 1758 da
1556 1692 1685 1758 Undclo
1698 1693 1770 1756 cala
1783 1693 1924 1754 mortae

627 1797 699 1861 cela
725 1795 844 1861 felonia
866 1797 969 1862 codra
991 1797 1113 1876 dedite,
1128 1819 1237 1862 meme
1262 1801 1334 1863 cete
1357 1798 1546 1880 Margarcte
1566 1797 1608 1862 ke
1631 1797 1668 1860 iu
1690 1797 1724 1860 la
1746 1796 1867 1860 femme
1888 1795 1924 1876 ly

627 1899 766 1965 avnudit
779 1899 912 1966 Willom
926 1921 966 1984 qe
981 1921 1022 1985 cy
1036 1905 1088 1967 cat
1102 1905 1153 1967 cal
1174 1905 1285 1985 prosto
1307 1922 1446 1984 aprovor
1460 1902 1491 1966 le
1505 1909 1673 1984 parquant
1686 1899 1729 1965 ka
1742 1903 1814 1965 cete
1827 1901 1923 1964 court

627 2004 749 2088 agardo
763 2003 804 2069 ke
818 2025 936 2088 prover
950 2005 981 2070 la
995 2005 1088 2070 deive
1103 2025 1196 2071 come
1210 2007 1333 2071 lamma
1347 2026 1422 2070 vers
1436 2004 1582 2070 homme.

691 2108 744 2174 Ad
766 2107 963 2175 comitatum
987 2109 1104 2175 Norhl’
1129 2111 1261 2175 lentum
1287 2109 1341 2174 dia
1364 2109 1457 2175 Jovis
1481 2109 1519 2172 in
1542 2107 1655 2192 vigilia
1679 2104 1924 2172 mandacium

627 2211 744 2280 Sancti
767 2211 893 2278 Thomo
916 2211 1066 2278 Marliria
1087 2233 1177 2279 anno
1199 2213 1390 2297 supradicio
1412 2211 1550 2278 finiculo
1571 2211 1721 2295 predicta
1735 2211 1924 2293 Margara&

625 2317 802 2400 prosecuta
815 2319 867 2382 cst
882 2317 1050 2400 appellum
1073 2337 1173 2382 auum
1188 2337 1304 2382 varana
1326 2317 1513 2401 pradictum
1535 2317 1725 2382 Johnuuam
1746 2315 1923 2398 Blogwyuo

626 2419 668 2486 dc
683 2419 811 2486 Undclo
825 2420 883 2504 qui
897 2421 1006 2505 primo
1020 2425 1157 2487 vocatus
1172 2425 1223 2487 cal
1238 2425 1272 2487 et
1287 2443 1356 2487 non,
1370 2420 1570 2506 comparuit.

692 2525 741 2590 Et
763 2525 808 2592 ad
827 2525 1010 2591 secundum
1032 2526 1228 2592 comitatum
1251 2526 1369 2592 Norhl’
1392 2529 1524 2591 lentum
1548 2525 1602 2590 dic
1624 2523 1716 2590 Jovis
1738 2523 1829 2608 prox’
1847 2524 1923 2606 posi

627 2630 750 2694 iculum
767 2628 882 2696 Sancti
896 2629 987 2695 Petri
1001 2629 1044 2694 ad
1059 2629 1200 2696 Vincula
1222 2649 1312 2696 anuo
1331 2629 1426 2714 regui
1441 2630 1528 2713 ragis
1541 2629 1700 2694 Edwardi
1714 2629 1758 2711 ij.
1773 2628 1923 2692 intrante

626 2733 776 2816 prodicta
796 2733 987 2816 Margarota
1008 2737 1183 2817 prosecuta
1212 2738 1263 2799 cal
1287 2735 1455 2817 appellum
1478 2755 1577 2799 suum
1599 2753 1715 2798 vernus
1736 2731 1922 2817 pradictum

626 2835 817 2902 iohannem
838 2837 1015 2921 Blogwync
1037 2837 1078 2903 de
1101 2836 1228 2903 Undolc
1243 2837 1300 2921 qui
1316 2837 1460 2904 accundo
1479 2841 1617 2903 vocatus
1636 2841 1688 2902 est
1703 2841 1736 2902 et
1751 2855 1819 2902 non
1834 2855 1922 2900 com·

625 2939 749 3024 paruit.

691 3044 739 3110 nt
756 3043 799 3110 ad
817 3044 956 3111 torcium
979 3045 1175 3112 comitatum
1197 3047 1315 3112 Norhl'
1339 3049 1472 3112 tentum
1487 3045 1540 3112 dia
1555 3045 1647 3112 Jovis
1661 3045 1752 3128 prox'
1769 3046 1845 3128 posl
1860 3043 1922 3108 ica·

626 3152 700 3214 lum
722 3147 960 3215 Docollaciouis
984 3149 1098 3216 Sancti
1113 3150 1278 3216 Johannia
1300 3151 1451 3235 Baptista
1466 3171 1556 3216 anno
1571 3149 1761 3232 supradicto
1774 3148 1923 3232 prediola

626 3251 815 3336 Margarcla
836 3257 1011 3337 prosecuta
1033 3258 1084 3320 eal
1106 3256 1273 3338 appellum
1288 3276 1387 3322 auum
1403 3276 1518 3321 vorsus
1532 3255 1719 3339 predictum
1734 3255 1755 3319 J
1756 3255 1922 3319 ohannem

626 3357 803 3441 Blogwyne
818 3357 858 3422 dc
873 3357 1000 3424 Undelo
1015 3358 1072 3441 qui
1087 3359 1189 3426 tercio
1203 3363 1340 3425 vocatus
1355 3363 1406 3425 eal
1420 3363 1454 3424 ct
1469 3381 1537 3425 non
1552 3358 1749 3442 comparuit.

692 3461 739 3526 El
750 3461 793 3526 ad
805 3464 962 3544 quartum
977 3461 1174 3528 comitatum
1190 3463 1307 3528 Norht’
1320 3466 1452 3528 lentum
1464 3463 1517 3528 die
1528 3462 1620 3528 lovis
1632 3463 1668 3526 in
1679 3460 1792 3544 vigilia
1808 3459 1922 3527 Sancti

625 3563 797 3630 Michaelis
822 3586 911 3631 anno
926 3565 1116 3650 supradicto
1130 3567 1279 3651 predicta
1293 3568 1485 3650 Margarcla
1499 3569 1674 3651 prosacula
1688 3569 1739 3632 cal
1755 3567 1922 3650 appellum

626 3689 725 3735 suum
745 3691 860 3738 vorsus
885 3671 1071 3754 predictum
1093 3671 1282 3737 Johannem
1305 3672 1482 3754 Blogwyno
1505 3671 1546 3736 dc
1570 3671 1698 3736 Undele
1722 3670 1778 3752 qui
1803 3673 1922 3753 quarto

624 3777 762 3839 vocatus
777 3777 827 3840 est
842 3775 875 3840 et
890 3794 958 3841 non
973 3774 1064 3842 venit
1079 3777 1129 3841 sol
1144 3779 1366 3859 manucaptus
1388 3795 1448 3859 per
1462 3775 1665 3843 Willelmum
1680 3774 1710 3839 lc
1725 3775 1866 3839 Baxlera
1882 3773 1922 3838 do

626 3877 763 3945 Undela.

691 3981 738 4048 Et
747 3981 790 4048 ad
799 3980 955 4066 quinium
963 3981 1159 4048 comitatum
1171 3983 1288 4048 Norhl’
1298 3985 1431 4049 tentum
1441 3982 1493 4048 dic
1508 3981 1600 4048 lovis
1609 3985 1700 4066 prox'
1710 3984 1788 4046 aule
1799 3981 1921 4046 festum

625 4085 857 4168 Apostolorum
874 4083 1019 4151 Simonis
1033 4089 1067 4151 al
1078 4087 1099 4151 J
1101 4085 1164 4151 udo
1179 4106 1269 4152 anno
1284 4087 1431 4171 prediolo
1445 4086 1593 4170 predicta
1608 4087 1797 4168 Margnrela
1811 4105 1920 4168 prose-

625 4194 703 4255 cula
727 4191 778 4256 eal
802 4189 969 4274 appellum
995 4209 1094 4254 suum
1117 4209 1231 4254 vorsus
1257 4190 1443 4273 predictum
1467 4189 1657 4256 iohannem
1681 4190 1858 4272 Blogwync
1881 4188 1921 4253 da

625 4295 763 4362 Undela.
807 4294 854 4360 nt
869 4292 960 4360 venit
983 4293 1080 4359 breve
1105 4293 1232 4359 domini
1255 4293 1342 4378 regia
1362 4293 1405 4360 ad
1431 4293 1669 4360 removendum
1691 4293 1860 4377 appellum
1883 4296 1921 4358 ul

624 4401 718 4482 patet
732 4397 768 4462 in
782 4398 843 4463 hec
858 4399 968 4464 verba.

691 4501 876 4566 Edwardus
892 4501 943 4566 dei
964 4501 1082 4584 gralia,
1098 4502 1161 4564 elo.
1177 4499 1361 4566 vicecomiti
1383 4501 1500 4566 Norhl'
1517 4501 1670 4567 salutem.
1716 4499 1921 4584 Pracipimua

624 4605 686 4672 tibi
701 4606 788 4689 quod
803 4605 968 4690 appellum
984 4605 1071 4688 quod
1094 4605 1284 4689 Margarcla
1306 4627 1369 4690 que
1385 4605 1449 4672 fuil
1464 4625 1546 4671 uxor
1560 4604 1717 4674 Willclmi
1731 4604 1771 4670 de
1787 4603 1919 4671 Castell’
