4326 5722
588 534 611 606 6
1062 552 1269 609 coronans
1294 553 1423 610 nonus.

587 742 646 806 per
661 721 898 788 infortuniums
940 721 1044 790 Alicia
1060 745 1141 789 uxor
1163 745 1225 790 sue
1246 724 1355 809 primo
1377 723 1505 792 invenit
1527 725 1669 795 eundem
1696 729 1730 793 et
1755 725 1884 798 invenit

586 826 710 910 plegios
741 827 929 894 Gallridum
952 827 992 894 de
1018 827 1194 894 Herdewik
1223 829 1263 896 de
1292 829 1550 896 Wibsudestone
1580 833 1614 898 et
1640 831 1820 898 Ricardum
1843 832 1884 900 dc
1916 901 1919 907 ,

589 933 726 1019 Sutbiry
743 933 923 1000 decadem.
1935 965 1937 970 ·

652 1037 832 1123 Inquieicio
862 1039 949 1105 facta
979 1059 1090 1105 coram
1123 1038 1156 1105 S.
1186 1038 1285 1105 Rullo
1314 1043 1507 1107 coronatore
1537 1061 1595 1125 per
1622 1040 1682 1126 iiij.
1709 1041 1777 1108 vill’
1807 1061 1882 1127 pro·

585 1141 776 1226 pinquioree
806 1143 929 1210 scilicet
959 1144 1079 1222 Elone,
1105 1143 1371 1222 Wibaudestone‚
1405 1145 1550 1230 Sutbiry‚
1578 1146 1788 1224 Ooumorthe,
1819 1167 1883 1230 que

586 1245 701 1313 dicunt
717 1248 803 1333 quod
818 1248 899 1316 obiit
915 1248 955 1315 de
969 1248 1117 1333 predicto
1140 1250 1255 1316 morbo
1279 1271 1338 1335 per
1364 1249 1597 1331 intortunium,
1614 1255 1647 1318 et
1671 1251 1775 1318 nichil
1797 1252 1881 1320 aliut

586 1351 708 1419 sciunt.
1416 1375 1419 1380 ·

654 2401 800 2487 Contigit
815 2402 850 2468 in
868 2403 944 2472 villa
959 2403 1000 2470 de
1015 2403 1172 2471 Bereford
1188 2403 1240 2470 die
1255 2403 1392 2470 Veneris
1407 2407 1498 2488 prox'
1515 2407 1593 2470 ante
1608 2402 1881 2488 Assumpcionem

586 2508 689 2574 Beate
712 2508 817 2575 Mario
840 2530 928 2576 anno
950 2509 1045 2594 regni
1067 2509 1154 2595 regis
1176 2509 1314 2576 Henrici
1338 2511 1363 2574 1ο
1377 2510 1486 2593 primo
1509 2509 1551 2576 ed
1574 2509 1711 2574 domum
1726 2509 1883 2576 Willelmi

586 2615 757 2681 Blaunchc
780 2615 865 2698 quod
888 2616 1030 2682 Muriela
1052 2615 1120 2681 filia
1144 2615 1223 2682 dicti
1238 2615 1395 2682 Willelmi
1415 2619 1504 2681 etate
1519 2615 1586 2680 iere
1601 2615 1646 2698 vj.
1662 2635 1827 2680 annorum
1849 2615 1883 2680 et

586 2718 720 2784 Beatrix
732 2739 824 2785 soror
836 2740 897 2786 sua
909 2723 996 2785 etate
1008 2721 1075 2786 iere
1087 2719 1190 2786 trium
1202 2739 1367 2785 annorum
1384 2718 1409 2806 [.
1434 2766 1443 2785 .
1468 2718 1514 2806 .],¹
1532 2717 1685 2785 etdictue
1697 2718 1883 2786 Willelmus

586 2828 620 2889 et
636 2823 756 2889 Muriel
771 2845 853 2890 uxor
868 2845 930 2890 sua
945 2825 1081 2890 luerunt
1097 2823 1132 2889 in
1147 2837 1303 2909 campum
1319 2828 1352 2890 et
1367 2823 1479 2908 ingnis
1495 2823 1667 2890 assendit²
1682 2822 1719 2888 in
1733 2821 1884 2906 predicta

587 2928 684 2994 domo
699 2931 732 2995 et
747 2929 939 2995 conbussit⁸
954 2929 1077 2995 dictam
1093 2928 1230 2995 domum
1245 2933 1278 2996 et
1293 2929 1480 2995 Beatricem
1503 2927 1609 2994 filiam
1631 2927 1712 2997 dicti
1726 2925 1884 2994 Willelmi

586 3032 750 3098 infantem
766 3033 946 3100 conbussit.

652 3137 831 3224 Inquisitio
861 3140 950 3205 facta
972 3159 1083 3205 coram
1115 3138 1150 3207 S.
1175 3137 1273 3205 Rullo
1305 3142 1499 3206 coronatore
1529 3159 1589 3224 per
1619 3135 1680 3222 iiij.
1710 3136 1778 3202 vill’
1809 3156 1883 3221 pro·

587 3243 789 3328 pinquiores,
801 3244 961 3321 Wildene,
977 3243 1136 3322 Ronhale,
1152 3243 1319 3322 Bereford,
1336 3243 1558 3320 Rockesdone‚
1572 3243 1653 3328 qui⁴
1669 3241 1785 3308 dicunt
1796 3241 1884 3326 quod

543 3425 545 3430 ¹
588 3347 697 3413 nichil
706 3347 789 3415 aliut
805 3347 914 3414 sciunt
929 3347 996 3413 nisi
1010 3347 1230 3415 infortunium
1246 3348 1331 3416 sicut
1346 3347 1531 3433 predictum
1546 3350 1607 3414 est.

654 3555 800 3639 Contigit
823 3555 858 3620 in
874 3555 952 3621 villa
976 3555 1017 3622 de
1041 3555 1190 3622 Ronhele
1218 3576 1307 3622 anno
1332 3555 1358 3620 l⁰
1372 3554 1481 3640 primo
1504 3555 1547 3622 ad
1572 3554 1709 3621 domum
1737 3551 1883 3622 Simonis

586 3661 674 3728 Ruffi
691 3661 743 3727 die
760 3659 875 3728 Sancti
889 3660 980 3726 Petri
992 3661 1034 3726 ad
1045 3661 1185 3727 Vincula
1200 3661 1287 3746 quod
1302 3661 1450 3744 Rogerus
1466 3659 1506 3726 de
1522 3659 1671 3726 Bemield
1687 3661 1719 3724 et
1734 3658 1884 3724 Andreas

587 3767 744 3834 Beulrere
759 3765 800 3831 de
824 3767 987 3849 ...seye⁶
1002 3769 1035 3830 et
1051 3765 1109 3830 alii
1131 3765 1255 3830 telones
1282 3767 1315 3830 et
1339 3765 1484 3830 latrones
1511 3763 1684 3829 duodecim
1699 3763 1751 3828 vel
1772 3762 1884 3846 plures

588 3874 750 3938 venerunt
766 3870 808 3936 ad
824 3869 960 3936 domum
985 3869 1129 3938 Simonis
1151 3871 1239 3935 Ruffi
1263 3869 1350 3936 inter
1376 3891 1493 3935 canem
1517 3873 1551 3936 et
1575 3869 1692 3953 lupum
1718 3865 1752 3934 et
1778 3867 1883 3933 intra·

587 3979 708 4045 verunt
723 3979 756 4042 et
771 3977 881 4060 ipsum
898 3975 1068 4043 Simonem
1083 3975 1119 4060 in
1135 3975 1232 4040 domo
1248 3997 1308 4042 sua
1324 3975 1533 4052 invenerunt,
1549 3977 1582 4040 et
1603 3973 1718 4040 atatim
1741 3971 1881 4057 predicti

588 4082 817 4148 malefactores
832 4101 908 4146 oum
924 4080 1041 4164 gladiis
1057 4081 1128 4146 sine
1143 4081 1272 4164 loquela
1294 4079 1541 4146 insultaverunt
1563 4082 1596 4145 et
1618 4079 1728 4164 ipsum
1751 4099 1882 4162 percus·

589 4189 705 4252 serunt
731 4205 829 4269 super
852 4183 1025 4250 bruchium
1048 4183 1222 4250 sinistrum
1245 4183 1332 4249 inter
1354 4204 1486 4250 umeros
1516 4203 1592 4248 cum
1623 4202 1690 4248 uno
1713 4181 1821 4247 macio
1843 4181 1884 4246 de

589 4291 731 4375 quivere,
748 4293 780 4355 et
796 4289 971 4354 Matildam
987 4287 1090 4354 filium
1108 4287 1252 4354 Simonis
1267 4291 1500 4372 percusserunt
1516 4287 1551 4352 in
1567 4287 1690 4354 femore
1714 4286 1828 4353 dextro
1850 4287 1884 4351 et

588 4396 777 4462 Johannem
792 4393 899 4458 filium
914 4391 995 4460 dicti
1019 4393 1165 4461 Simonis
1188 4391 1224 4458 in
1241 4413 1276 4458 er
1302 4392 1476 4458 cubitum⁶
1492 4395 1525 4458 et
1551 4399 1690 4457 manum
1716 4411 1793 4456 cum
1815 4409 1884 4455 una

589 4501 712 4584 sagitta
737 4499 980 4564 wlneraverunt
1005 4499 1071 4564 iere
1098 4518 1156 4583 per
1180 4497 1328 4564 medium
1352 4497 1485 4574 ,brach'.
1542 4497 1690 4562 Tandem
1716 4493 1884 4580 predictus

589 4607 610 4673 J
612 4606 760 4672 ohannes
773 4603 918 4688 percepit
934 4605 1020 4687 quod
1038 4603 1207 4670 Simonem
1222 4606 1352 4688 patrem
1368 4623 1466 4668 suum
1482 4605 1515 4670 et
1535 4598 1647 4695 ipsum'
1662 4603 1694 4667 et
1709 4599 1884 4666 Matildam

590 4730 735 4778 sororem
752 4730 848 4774 suam
863 4711 896 4774 et
913 4711 1019 4775 totam
1042 4707 1204 4774 familiam
1225 4707 1374 4792 ejusdem
1398 4707 1517 4774 domus
1541 4707 1725 4773 interficere
1751 4704 1883 4781 vellent,

626 4882 632 4911 ¹
651 4881 728 4930 Some
740 4879 822 4930 worda
834 4895 904 4930 seem
916 4883 942 4930 to
955 4879 985 4930 bc
996 4878 1112 4931 omitted.
1295 4881 1305 4909 ⁵
1322 4879 1415 4930 dhole
1427 4879 1454 4930 in
1466 4878 1511 4930 the
1523 4879 1595 4938 MS.;
1612 4879 1699 4942 apert
1715 4877 1742 4926 ol
1759 4873 1803 4926 the
1814 4873 1884 4925 word

623 4951 633 4980 ²
651 4947 704 5000 Sic.
838 4951 848 4978 ⁸
866 4946 919 4999 Sic.
1053 4950 1062 4976 ⁴
1080 4948 1133 4998 Sic.
1261 4945 1285 4996 is
1297 4946 1419 5010 wanting.
1584 4945 1666 4996 ‘MS
1677 4947 1775 4994 catum.
