4302 5734
1035 560 1243 618 eononsns’
1268 535 1403 616 sonos

831 841 1020 910 Appenum
1036 839 1172 898 Bicerdi
1187 843 1222 897 le
1238 841 1382 898 Bounds
1400 840 1604 908 probatorio.

631 973 761 1040 Eodem
776 972 829 1040 die
841 975 874 1040 et
886 993 976 1040 anno
986 971 1155 1058 predictus
1166 971 1329 1038 Ricardue
1340 973 1370 1037 le
1379 971 1495 1038 Bonde
1510 971 1601 1039 venit
1616 991 1728 1037 coram
1743 971 1870 1038 eisdem

533 1128 538 1138 .
566 1079 605 1143 R.
623 1081 655 1145 et
670 1078 711 1143 R.
729 1080 762 1144 et
783 1077 936 1161 cognovit
952 1099 987 1143 se
1003 1098 1074 1142 esse
1097 1078 1261 1142 latronem
1285 1076 1326 1142 de
1338 1074 1514 1142 latrocinio
1528 1079 1562 1141 ot
1586 1075 1716 1142 roboria
1729 1075 1872 1160 predicti

565 1181 732 1248 Willelmi.
778 1183 825 1248 Et
841 1181 973 1248 devenit
988 1181 1145 1266 probator
1168 1183 1201 1246 et
1223 1181 1369 1265 appellnt
1390 1179 1596 1246 Willelmnm
1617 1181 1648 1246 le
1673 1181 1870 1249 Strsumon·

566 1307 642 1370 gero
679 1289 871 1351 monentem
894 1287 987 1350 extro
1009 1283 1255 1367 Aldredesgate‚
1278 1283 1483 1352 Willclmum
1506 1283 1595 1368 Pege
1617 1287 1871 1351 conversantem

566 1390 609 1456 ad
624 1389 793 1474 quondam
809 1389 981 1454 brocinnm
995 1388 1012 1440 ¹·
1028 1387 1113 1454 eitra
1134 1390 1271 1472 pontem
1295 1387 1336 1454 de
1358 1387 1548 1454 Holebornc
1570 1407 1672 1472 prope
1694 1388 1871 1453 tabernam

566 1493 587 1560 J
588 1493 731 1559 ohannis
747 1493 884 1558 Torolde
900 1495 1062 1575 tanquam
1077 1491 1224 1557 latrones
1239 1493 1272 1558 st
1288 1491 1393 1559 socios
1409 1511 1487 1558 suos
1506 1491 1546 1558 de
1568 1491 1699 1558 roboris
1720 1491 1871 1576 predicta

567 1598 656 1664 facts
670 1617 769 1682 super
784 1596 969 1664 Wolterum
985 1597 1025 1662 dc
1041 1596 1235 1663 Codestone.

808 1967 996 2034 Appellum
1008 1965 1198 2022 Alexandri
1215 1965 1386 2035 natoney
1401 1965 1606 2034 probatoria.

544 2075 545 2078 Ἴ
631 2098 760 2165 Eodem
772 2099 824 2166 dis
834 2103 867 2167 et
877 2121 967 2166 cnno
976 2099 1144 2184 predictus
1155 2099 1339 2166 Alexander
1351 2100 1516 2185 Mntcfrey
1524 2100 1616 2167 venit
1626 2121 1738 2168 coram
1748 2100 1872 2168 eisdem

566 2205 607 2271 R.
620 2208 653 2272 et
665 2206 705 2270 R.
717 2207 751 2272 ct
767 2206 920 2289 cognovit
930 2226 965 2271 se
977 2226 1049 2272 esso
1058 2205 1224 2272 latronem
1240 2203 1321 2270 dieti
1336 2203 1502 2272 latrocinii
1517 2208 1551 2272 st
1566 2204 1719 2272 roberic²
1732 2206 1874 2290 predicti

565 2309 733 2380 Willelmi.
778 2309 825 2376 nt
848 2309 981 2376 devenit
1003 2309 1160 2394 probator
1175 2314 1208 2375 et
1232 2309 1376 2394 appellnt
1393 2308 1555 2376 Thomom
1572 2309 1612 2375 de
1634 2309 1816 2376 Aldrebeke
1839 2313 1874 2376 et

566 2415 595 2479 N
598 2414 765 2480 iohcloum
776 2415 816 2482 de
826 2414 1026 2497 Dissoeford,
1039 2413 1223 2479 Henrienm
1233 2414 1263 2478 le
1273 2413 1448 2492 Mnresoh',
1459 2413 1480 2480 J
1481 2414 1648 2480 ohannem
1659 2413 1699 2480 de
1707 2414 1773 2498 Ely
1779 2413 1873 2480 oleri·

567 2517 1873 2597 cnm,JohonnemiratremRicardiloBoundeconversanteminWodestrote,

567 2621 758 2688 Johcnnem
789 2622 829 2687 de
853 2622 1013 2707 Conveye
1039 2624 1292 2688 conversantem
1318 2621 1354 2686 in
1384 2622 1875 2701 Fletestrste,dohcnne1nde

566 2725 665 2791 cht’
681 2729 714 2791 et
731 2727 908 2809 quemdam
935 2725 1149 2792 chmonem
1173 2725 1204 2792 le
1224 2724 1346 2792 Frutsr
1366 2729 1624 2794 conversantem
1646 2747 1747 2811 prope
1770 2726 1873 2794 Gars-

566 2828 700 2894 ohirche
717 2832 878 2913 tonqnom
893 2830 1040 2896 latrones
1056 2833 1088 2896 et
1104 2829 1210 2896 socios
1222 2849 1300 2897 suos
1316 2829 1356 2898 de
1370 2830 1520 2916 predicto
1529 2830 1659 2898 roboris
1670 2831 1758 2898 tnotn
1773 2849 1874 2915 super

565 2930 752 3022 predictum
767 2932 951 3002 Wolterum
967 2933 1007 2999 dc
1024 2931 1216 3002 Oodcstone.

950 3260 957 3290 ¹
970 3257 1026 3310 ΜΒ.
1038 3258 1116 3310 brao’.
