4372 5724
464 572 469 582 ·
560 532 606 601 60
924 595 927 602 .
1026 549 1233 606 cououuas
1257 525 1389 605 uocas.
1469 584 1472 590 ,

560 717 760 802 Swyneford'
787 718 823 783 in
848 719 1036 784 Tichemers
1066 717 1270 794 moriebatur
1294 721 1335 785 de
1358 718 1502 814 quadam
1531 719 1629 802 plaga
1659 707 1857 786 babuit¹'in

558 823 665 905 capite
681 823 720 887 de
737 825 879 906 quodam
895 823 1055 908 polhacbe
1072 844 1181 918 usque
1197 825 1243 924 ad
1254 824 1436 889 cerebrum.
1482 824 1662 906 inquisicio
1677 824 1754 890 inde
1771 826 1859 892 facta

557 948 668 1012 coram
681 927 713 993 J.
727 926 767 992 de
778 927 894 993 Aston'
910 929 943 994 st
956 929 997 994 G.
1011 927 1051 992 dc
1067 927 1198 1010 Lolligt’
1216 949 1274 1012 psr
1289 929 1347 1012 iiij.
1361 929 1427 993 vill’
1440 928 1691 1012 propinquiores
1707 930 1858 994 videlicet

446 1033 448 1038 '
558 1030 757 1109 Tichemcrs,
779 1032 890 1116 Thorp
912 1053 989 1098 oum
1011 1031 1183 1109 Achirobe‚
1201 1033 1384 1117 Trapstone
1411 1036 1443 1098 et
1467 1033 1638 1115 Cloptons.
1685 1033 1754 1114 Que
1778 1033 1857 1098 dicit

405 1169 419 1188 ··
557 1133 732 1218 inquisicio
756 1135 810 1219 xij.
832 1136 1022 1220 juratorum
1046 1157 1122 1201 cum
1138 1135 1261 1202 villatis
1284 1136 1484 1221 supradictis
1500 1135 1650 1202 videlicet
1674 1138 1858 1221 Trapstons
1984 1189 1991 1200 .

558 1244 592 1306 et
608 1241 767 1324 Gloptone
782 1261 841 1325 per
858 1245 1105 1308 sacramentum
1122 1239 1219 1306 s'uum
1236 1242 1324 1324 quod
1339 1242 1482 1326 quedam
1501 1241 1674 1307 contencio
1689 1242 1857 1308 oriebatur
1958 1239 1963 1248 ’

448 1373 452 1380 ’
558 1347 648 1431 apud
671 1347 854 1429 Trapstone
879 1346 932 1412 die
959 1346 1073 1413 Sancti
1096 1345 1212 1412 Jacobi
1238 1366 1327 1411 anno
1355 1347 1545 1430 supradicto
1567 1345 1655 1412 inter
1679 1347 1857 1430 quemdam
1919 1360 1949 1438 .'
1995 1355 1999 1398 ἰ

523 1463 528 1473 ·
558 1449 739 1515 Ricardum
762 1449 869 1514 filium
885 1450 1023 1515 Henrici
1045 1451 1086 1515 de
1102 1450 1308 1536 Aldsuyncls
1323 1452 1356 1515 st
1372 1451 1553 1516 Ricardum
1569 1449 1676 1514 filium
1692 1450 1858 1516 Johannis

558 1554 598 1618 de
625 1555 868 1620 Mollesworths
891 1577 949 1638 per
970 1555 1057 1638 quod
1081 1555 1190 1620 dictus
1215 1553 1376 1619 Ricardus
1399 1555 1439 1620 de
1462 1555 1669 1639 Aldewyncle
1694 1555 1858 1638 percussit

558 1657 685 1724 dictum
700 1658 881 1724 Ricardum
897 1653 973 1723 oum
991 1659 1135 1742 quodam
1151 1658 1268 1724 baculo
1291 1661 1324 1723 et
1348 1659 1424 1725 fecit
1441 1658 1505 1724 sibi
1520 1659 1700 1742 quamdam
1723 1659 1858 1743 plagam

557 1762 593 1827 in
617 1763 724 1848 capito
751 1765 784 1828 et
806 1763 893 1828 male
914 1763 1161 1829 verberabatur.
1207 1762 1254 1827 Et
1277 1761 1412 1844 quidam
1436 1763 1726 1840 Willelmus'tunc
1749 1766 1857 1829 rector

557 1867 691 1932 ecclesis
707 1866 747 1931 ds
762 1860 927 1932 Achirche¹
948 1867 1011 1932 fuit
1034 1887 1171 1950 presens
1187 1866 1221 1930 in
1238 1866 1453 1960 contencione
1476 1867 1624 1951 prodicta
1639 1871 1672 1933 st
1694 1867 1858 1951 percussit
1890 1932 1892 1936 .

558 1971 684 2037 dictum
700 1971 901 2038 Willslmum
918 1970 957 2036 de
976 1972 1186 2056 Swynefordc
1203 1970 1489 2060 quisuitpressns
1505 1971 1664 2055 incapite
1686 1992 1745 2055 psr
1769 1972 1857 2055 quod

558 2076 681 2160 recepit
703 2079 855 2154 mortem,
876 2078 925 2142 set
956 2077 1162 2160 loquebatur,
1187 2076 1357 2141 confessus
1381 2076 1444 2141 luit
1467 2079 1500 2141 st
1525 2075 1793 2142 communicatus
1824 2078 1857 2142 et
1940 2147 1944 2152 ,

552 2181 640 2246 'vixit
666 2201 724 2264 per
755 2201 811 2245 sex
841 2179 911 2244 dies
938 2183 980 2272 et
998 2183 1079 2246 tunc
1109 2179 1324 2246 moriebatur.
1370 2180 1560 2244 Tichemers
1586 2182 1620 2245 et
1645 2180 1755 2263 Thorp
1781 2200 1858 2252 cunr

558 2285 721 2350 Achirohe
743 2283 858 2348 dicunt
874 2304 932 2366 per
948 2287 1195 2350 sacramentum
1211 2281 1298 2368 quod
1314 2273 1450 2366 quidam
1466 2284 1638 2350 Johannes
1654 2285 1735 2348 tunc
1750 2286 1858 2376 rector
1905 2288 1909 2294 '

558 2389 692 2456 ecclesis
716 2389 875 2456 Omnium
901 2390 1100 2455 Sanctorum
1116 2389 1152 2454 in
1167 2384 1372 2473 Aldswyncle
1396 2388 1460 2454 luit
1482 2409 1619 2473 presens
1642 2389 1677 2453 in
1700 2389 1757 2454 illa
1781 2409 1859 2454 con·
1994 2431 1998 2437 -

557 2493 710 2560 tsncions
733 2493 887 2578 predicta*
904 2499 937 2558 et
960 2493 1123 2576 percussit
1144 2493 1269 2558 dictum
1292 2492 1495 2558 Willslmum
1519 2493 1558 2558 de
1579 2493 1723 2576 quodam
1746 2493 1857 2576 pollax
1902 2507 1911 2568 ·,

557 2598 592 2664 in
614 2599 720 2683 capite
741 2593 799 2682 per
820 2585 907 2681 quod
926 2597 1050 2680 recepit
1065 2601 1217 2662 mortem.
1263 2595 1381 2662 Dictus
1400 2595 1584 2663 Willslmus
1600 2585 1858 2662 rector'ocolesis
1939 2658 1941 2662 Α

558 2704 598 2768 (16
613 2703 776 2792 Achirchs
791 2705 866 2786 post
889 2702 972 2766 illud
988 2703 1115 2768 lactum
1131 2700 1216 2784 fugit
1231 2699 1379 2777 nescitur
1394 2721 1469 2785 quo.
1508 2702 1587 2768 Ideo
1600 2705 1793 2786 preceptum
1808 2704 1859 2768 cst
1938 2709 1943 2716 '

558 2805 873 2890 quodattachietur.
899 2853 906 2868 .
932 2853 973 2869 ..
1099 2801 1103 2808 '
1796 2807 1801 2816 ·

624 2910 746 2992 Villata
762 2909 801 2977 de
812 2909 1006 3000 uTiclrcmers
1022 2929 1090 2974 non
1105 2908 1196 2975 veuit
1212 2907 1254 2974 ad
1269 2907 1466 2975 comitatum
1482 2909 1524 2975 ad
1539 2907 1812 2993 presentandum.
1838 2894 1852 2916 '

278 3665 282 3672 ⁵
398 3713 455 3742 amn
482 3713 515 3744 ne.
571 3675 577 3684 “
625 3677 753 3746 Accidit
768 3651 857 3762 apud
873 3677 1076 3761 urmyntone
1092 3675 1144 3740 dio
1161 3672 1317 3740 Mercurii
1332 3673 1422 3757 prox’
1440 3675 1514 3756 post
1531 3673 1652 3760 lestum
1667 3669 1890 3755 Epiphania·
2010 3677 2014 3686 '

381 3778 384 3786 ’
445 3781 450 3792 ’
559 3805 648 3851 anno
663 3781 757 3866 regni
772 3781 858 3865 rogis
875 3779 1058 3867 [Edwardi]
1075 3801 1146 3844 xxx.
1164 3773 1402 3872 quodquidam
1419 3776 1589 3842 lohannes
1605 3775 1694 3840 filius
1712 3775 1857 3842 Simonis

558 3887 721 3954 Prodoms
745 3887 786 3951 de
812 3885 987 3950 Elminton
1014 3884 1171 3949 inventus
1194 3881 1258 3947 luit
1286 3881 1477 3946 submersus
1502 3880 1537 3944 in
1563 3879 1705 3963 quodam
1733 3881 1857 3966 fossato
1927 3943 1930 3950 ,
1988 3909 1991 3916 ·

558 3995 647 4060 infra
661 3995 796 4078 pratum
813 3991 852 4055 de
867 3990 1062 4055 Elmintous
1077 3989 1206 4053 nullam
1221 3986 1348 4051 habens
1363 3987 1507 4069 plagam.
1548 3985 1662 4052 Simon
1678 3987 1773 4068 paler
1785 3985 1857 4068 ejus
1985 4059 1991 4070 ¹
2121 4017 2125 4024 ·

558 4099 667 4184 primo
678 4095 805 4162 invenit
816 4115 902 4160 eum.
948 4081 1052 4176 Plagii
1064 4092 1136 4182 ejus
1149 4091 1264 4158 Simon
1277 4089 1317 4154 ds
1326 4089 1521 4154 Elmintone
1537 4092 1570 4153 et
1585 4088 1752 4156 Walterus
1767 4087 1856 4154 filius

561 4200 707 4268 Simonis
722 4199 762 4264 ds
777 4198 903 4264 eadem.
948 4195 1127 4281 Inquisicio
1151 4193 1256 4282 [inde]
1280 4194 1368 4259 facts
1390 4213 1502 4258 coram
1526 4193 1566 4259 G.
1588 4191 1628 4258 de
1651 4191 1782 4278 Lolligt’
1798 4212 1858 4275 psr

526 4327 531 4338 ’
558 4306 619 4390 iiij·.
644 4305 710 4370 vill'
735 4302 886 4387 propiuq’
911 4301 1067 4376 videlicet¹
1087 4299 1292 4376 Elmintone,
1313 4289 1452 4375 Undels,
1470 4297 1595 4362 Astone
1619 4299 1653 4362 et
1677 4295 1859 4374 Pokebrok,

559 4431 622 4494 que
638 4409 753 4474 dicunt
768 4429 827 4493 per
842 4408 1089 4474 sacramentum
1106 4424 1212 4474 ,suum
1236 4402 1323 4486 quod
1346 4402 1432 4467 siout
1455 4401 1564 4466 dictus
1584 4402 1756 4467 Johannss
1772 4401 1860 4466 filius

561 4514 706 4582 Simonis
722 4511 877 4578 transivit
892 4515 1028 4596 pontem
1041 4511 1081 4575 ds
1092 4511 1207 4575 Aston'
1221 4527 1336 4573 versus
1350 4505 1477 4573 Undele
1492 4527 1552 4590 pro
1565 4505 1703 4570 cervisia
1717 4506 1861 4589 petenda
1901 4581 1908 4594 ι

493 4649 495 4654 ·
521 4691 525 4697 ,
559 4617 642 4702 pede
662 4616 786 4682 lidsuts
801 4615 918 4708 cecidit
934 4614 969 4678 in
985 4613 1144 4697 ripariam
1160 4613 1199 4678 de
1216 4613 1308 4676 Nsns
1330 4631 1389 4694 per
1413 4609 1500 4693 quod
1523 4609 1717 4674 submersus
1727 4609 1809 4685 'fuit
1826 4613 1859 4674 et

559 4725 624 4806 per'
643 4719 769 4786 flumen
794 4718 879 4786 dicte
902 4717 1023 4806 ripario
1050 4716 1168 4781 ductus
1196 4714 1259 4780 luit
1286 4713 1322 4778 in
1354 4714 1477 4796 fossato
1507 4713 1564 4779 ubi
1595 4712 1751 4779 inventus
1783 4712 1858 4778 luit.
1940 4723 1945 4734 '

1083 4921 1089 4949 ¹
1109 4917 1163 4970 MS.
1177 4913 1225 4970 um
1238 4931 1265 4968 or
1278 4917 1334 4969 but
