<?xml version="1.0" encoding="UTF-8"?>
<!DOCTYPE html PUBLIC "-//W3C//DTD XHTML 1.0 Transitional//EN"
    "http://www.w3.org/TR/xhtml1/DTD/xhtml1-transitional.dtd">
<html xmlns="http://www.w3.org/1999/xhtml" xml:lang="en" lang="en">
 <head>
  <title>
</title>
<meta http-equiv="Content-Type" content="text/html;charset=utf-8" />
  <meta name='ocr-system' content='tesseract 3.04.00' />
  <meta name='ocr-capabilities' content='ocr_page ocr_carea ocr_par ocr_line ocrx_word'/>
</head>
<body>
  <div class='ocr_page' id='page_1' title='image "./selectcasesfrom01grosgoog_0064.png"; bbox 0 0 4326 5722; ppageno 0'>
   <div class='ocr_carea' id='block_1_1' title="bbox 609 545 1493 616">
    <p class='ocr_par' dir='ltr' id='par_1_1' title="bbox 609 545 1493 616">
     <span class='ocr_line' id='line_1_1' title="bbox 609 545 1493 616; baseline 0 0"><span class='ocrx_word' id='word_1_1' title='bbox 609 545 630 616; x_wconf 88' lang='lat'>8</span> <span class='ocrx_word' id='word_1_2' title='bbox 1083 560 1291 616; x_wconf 72' lang='lat' dir='ltr'>concurras</span> <span class='ocrx_word' id='word_1_3' title='bbox 1316 561 1446 616; x_wconf 78' lang='lat' dir='ltr'>nouus.</span> <span class='ocrx_word' id='word_1_4' title='bbox 1489 589 1493 596; x_wconf 90' lang='lat'>-</span> 
     </span>
    </p>
   </div>
   <div class='ocr_carea' id='block_1_2' title="bbox 607 731 1907 816">
    <p class='ocr_par' dir='ltr' id='par_1_2' title="bbox 607 731 1907 816">
     <span class='ocr_line' id='line_1_2' title="bbox 607 731 1907 816; baseline 0 -18"><span class='ocrx_word' id='word_1_5' title='bbox 607 731 822 816; x_wconf 90' lang='lat' dir='ltr'>Radulphum</span> <span class='ocrx_word' id='word_1_6' title='bbox 845 731 950 798; x_wconf 88' lang='lat' dir='ltr'>filium</span> <span class='ocrx_word' id='word_1_7' title='bbox 972 731 1114 799; x_wconf 86' lang='lat' dir='ltr'>Galfridi</span> <span class='ocrx_word' id='word_1_8' title='bbox 1137 732 1177 798; x_wconf 92' lang='lat' dir='ltr'>de</span> <span class='ocrx_word' id='word_1_9' title='bbox 1202 732 1388 810; x_wconf 89' lang='lat' dir='ltr'>Honidene‚</span> <span class='ocrx_word' id='word_1_10' title='bbox 1405 733 1571 816; x_wconf 89' lang='lat' dir='ltr'>Rogerum</span> <span class='ocrx_word' id='word_1_11' title='bbox 1587 731 1692 798; x_wconf 86' lang='lat' dir='ltr'>Golde</span> <span class='ocrx_word' id='word_1_12' title='bbox 1716 731 1756 798; x_wconf 92' lang='lat' dir='ltr'>de</span> <span class='ocrx_word' id='word_1_13' title='bbox 1779 731 1907 798; x_wconf 88' lang='lat' dir='ltr'>eadem.</span> 
     </span>
    </p>
   </div>
   <div class='ocr_carea' id='block_1_3' title="bbox 452 831 1834 922">
    <p class='ocr_par' dir='ltr' id='par_1_3' title="bbox 452 831 1834 922">
     <span class='ocr_line' id='line_1_3' title="bbox 452 831 1834 922; baseline -0.004 -15"><span class='ocrx_word' id='word_1_14' title='bbox 452 855 493 900; x_wconf 54' lang='lat' dir='ltr'>&#39;a</span> <span class='ocrx_word' id='word_1_15' title='bbox 608 837 745 908; x_wconf 77' lang='lat' dir='ltr'>carecta</span> <span class='ocrx_word' id='word_1_16' title='bbox 760 831 836 904; x_wconf 79' lang='lat' dir='ltr'>crim</span> <span class='ocrx_word' id='word_1_17' title='bbox 850 837 1006 904; x_wconf 81' lang='lat' dir='ltr'>hernesio</span> <span class='ocrx_word' id='word_1_18' title='bbox 1021 841 1054 903; x_wconf 93' lang='lat' dir='ltr'>ct</span> <span class='ocrx_word' id='word_1_19' title='bbox 1069 836 1166 903; x_wconf 86' lang='lat' dir='ltr'>blado</span> <span class='ocrx_word' id='word_1_20' title='bbox 1182 837 1390 922; x_wconf 72' lang='lat' dir='ltr'>appreciatur</span> <span class='ocrx_word' id='word_1_21' title='bbox 1406 837 1450 921; x_wconf 89' lang='lat' dir='ltr'>vj.</span> <span class='ocrx_word' id='word_1_22' title='bbox 1466 837 1510 914; x_wconf 93' lang='grc'>(1.,</span> <span class='ocrx_word' id='word_1_23' title='bbox 1526 857 1630 920; x_wconf 93' lang='lat' dir='ltr'>equus</span> <span class='ocrx_word' id='word_1_24' title='bbox 1646 837 1681 921; x_wconf 92' lang='lat' dir='ltr'>ij.</span> <span class='ocrx_word' id='word_1_25' title='bbox 1697 857 1724 902; x_wconf 94' lang='lat' dir='ltr'>s.</span> <span class='ocrx_word' id='word_1_26' title='bbox 1740 837 1783 921; x_wconf 85' lang='lat' dir='ltr'>vj.</span> <span class='ocrx_word' id='word_1_27' title='bbox 1801 837 1834 902; x_wconf 93' lang='lat' dir='ltr'>d.</span> 
     </span>
    </p>
   </div>
   <div class='ocr_carea' id='block_1_4' title="bbox 387 1131 1909 1222">
    <p class='ocr_par' dir='ltr' id='par_1_4' title="bbox 387 1131 1909 1222">
     <span class='ocr_line' id='line_1_4' title="bbox 387 1131 1909 1222; baseline -0.005 -18"><span class='ocrx_word' id='word_1_28' title='bbox 387 1131 391 1139; x_wconf 74' lang='grc'><strong>’</strong></span> <span class='ocrx_word' id='word_1_29' title='bbox 498 1155 546 1202; x_wconf 79' lang='grc' dir='ltr'>ο·</span> <span class='ocrx_word' id='word_1_30' title='bbox 674 1135 821 1222; x_wconf 79' lang='lat' dir='ltr'>Contigit</span> <span class='ocrx_word' id='word_1_31' title='bbox 837 1137 872 1202; x_wconf 93' lang='lat' dir='ltr'>in</span> <span class='ocrx_word' id='word_1_32' title='bbox 888 1138 966 1204; x_wconf 85' lang='lat' dir='ltr'>villa</span> <span class='ocrx_word' id='word_1_33' title='bbox 982 1137 1022 1204; x_wconf 91' lang='grc'>(16</span> <span class='ocrx_word' id='word_1_34' title='bbox 1038 1136 1197 1203; x_wconf 82' lang='lat' dir='ltr'>Bereford</span> <span class='ocrx_word' id='word_1_35' title='bbox 1221 1135 1273 1202; x_wconf 89' lang='lat' dir='ltr'>die</span> <span class='ocrx_word' id='word_1_36' title='bbox 1289 1136 1382 1202; x_wconf 76' lang='lat' dir='ltr'>lovis</span> <span class='ocrx_word' id='word_1_37' title='bbox 1406 1136 1442 1202; x_wconf 92' lang='lat' dir='ltr'>in</span> <span class='ocrx_word' id='word_1_38' title='bbox 1469 1137 1553 1202; x_wconf 82' lang='lat' dir='ltr'>festo</span> <span class='ocrx_word' id='word_1_39' title='bbox 1581 1136 1776 1204; x_wconf 80' lang='lat' dir='ltr'>Natiuitatis</span> <span class='ocrx_word' id='word_1_40' title='bbox 1802 1138 1909 1204; x_wconf 65' lang='lat' dir='ltr'>Beate,</span> 
     </span>
    </p>
   </div>
   <div class='ocr_carea' id='block_1_5' title="bbox 526 1241 1975 2274">
    <p class='ocr_par' dir='ltr' id='par_1_5' title="bbox 526 1241 1968 1944">
     <span class='ocr_line' id='line_1_5' title="bbox 608 1241 1968 1329; baseline 0 -21"><span class='ocrx_word' id='word_1_41' title='bbox 608 1242 713 1310; x_wconf 85' lang='lat' dir='ltr'>Mario</span> <span class='ocrx_word' id='word_1_42' title='bbox 738 1264 826 1311; x_wconf 91' lang='lat' dir='ltr'>anno</span> <span class='ocrx_word' id='word_1_43' title='bbox 849 1245 875 1309; x_wconf 87' lang='lat' dir='ltr'>l⁰</span> <span class='ocrx_word' id='word_1_44' title='bbox 898 1244 1006 1329; x_wconf 87' lang='lat' dir='ltr'>primo</span> <span class='ocrx_word' id='word_1_45' title='bbox 1030 1243 1117 1328; x_wconf 91' lang='lat' dir='ltr'>quod</span> <span class='ocrx_word' id='word_1_46' title='bbox 1141 1241 1325 1310; x_wconf 89' lang='lat' dir='ltr'>Willelmus</span> <span class='ocrx_word' id='word_1_47' title='bbox 1352 1242 1441 1308; x_wconf 90' lang='lat' dir='ltr'>filius</span> <span class='ocrx_word' id='word_1_48' title='bbox 1465 1241 1623 1310; x_wconf 89' lang='lat' dir='ltr'>Willelmi</span> <span class='ocrx_word' id='word_1_49' title='bbox 1649 1243 1842 1327; x_wconf 82' lang='lat' dir='ltr'>Fraunceys</span> <span class='ocrx_word' id='word_1_50' title='bbox 1866 1242 1906 1309; x_wconf 91' lang='lat' dir='ltr'>dc</span> <span class='ocrx_word' id='word_1_51' title='bbox 1963 1265 1968 1273; x_wconf 93' lang='lat'><em>·</em></span> 
     </span>
     <span class='ocr_line' id='line_1_6' title="bbox 607 1347 1906 1435; baseline -0.004 -18"><span class='ocrx_word' id='word_1_52' title='bbox 607 1350 764 1417; x_wconf 89' lang='lat' dir='ltr'>Bereford</span> <span class='ocrx_word' id='word_1_53' title='bbox 780 1354 868 1417; x_wconf 88' lang='lat' dir='ltr'>etate</span> <span class='ocrx_word' id='word_1_54' title='bbox 883 1351 930 1435; x_wconf 91' lang='lat' dir='ltr'>iij.</span> <span class='ocrx_word' id='word_1_55' title='bbox 947 1370 1112 1417; x_wconf 89' lang='lat' dir='ltr'>annorum</span> <span class='ocrx_word' id='word_1_56' title='bbox 1128 1353 1160 1416; x_wconf 89' lang='lat' dir='ltr'>et</span> <span class='ocrx_word' id='word_1_57' title='bbox 1176 1348 1306 1413; x_wconf 92' lang='lat' dir='ltr'>dimidii</span> <span class='ocrx_word' id='word_1_58' title='bbox 1320 1348 1437 1414; x_wconf 91' lang='lat' dir='ltr'>cecidit</span> <span class='ocrx_word' id='word_1_59' title='bbox 1453 1348 1488 1412; x_wconf 93' lang='lat' dir='ltr'>in</span> <span class='ocrx_word' id='word_1_60' title='bbox 1500 1348 1624 1414; x_wconf 86' lang='lat' dir='ltr'>fossato</span> <span class='ocrx_word' id='word_1_61' title='bbox 1634 1347 1771 1414; x_wconf 87' lang='lat' dir='ltr'>Roberti</span> <span class='ocrx_word' id='word_1_62' title='bbox 1782 1348 1906 1432; x_wconf 90' lang='lat' dir='ltr'>Wreng</span> 
     </span>
     <span class='ocr_line' id='line_1_7' title="bbox 608 1451 1906 1539; baseline -0.002 -19"><span class='ocrx_word' id='word_1_63' title='bbox 608 1455 787 1522; x_wconf 90' lang='lat' dir='ltr'>dummodo</span> <span class='ocrx_word' id='word_1_64' title='bbox 802 1455 942 1521; x_wconf 87' lang='lat' dir='ltr'>Matilda</span> <span class='ocrx_word' id='word_1_65' title='bbox 957 1458 1064 1520; x_wconf 88' lang='lat' dir='ltr'>mater</span> <span class='ocrx_word' id='word_1_66' title='bbox 1080 1455 1151 1539; x_wconf 90' lang='lat' dir='ltr'>ejus</span> <span class='ocrx_word' id='word_1_67' title='bbox 1166 1452 1226 1518; x_wconf 90' lang='lat' dir='ltr'>ivit</span> <span class='ocrx_word' id='word_1_68' title='bbox 1241 1451 1277 1517; x_wconf 87' lang='lat' dir='ltr'>in</span> <span class='ocrx_word' id='word_1_69' title='bbox 1300 1452 1397 1518; x_wconf 90' lang='lat' dir='ltr'>domo</span> <span class='ocrx_word' id='word_1_70' title='bbox 1420 1451 1500 1518; x_wconf 93' lang='lat' dir='ltr'>dicti</span> <span class='ocrx_word' id='word_1_71' title='bbox 1522 1451 1658 1518; x_wconf 89' lang='lat' dir='ltr'>Roberti</span> <span class='ocrx_word' id='word_1_72' title='bbox 1680 1456 1815 1536; x_wconf 90' lang='lat' dir='ltr'>propter</span> <span class='ocrx_word' id='word_1_73' title='bbox 1837 1473 1906 1518; x_wconf 86' lang='lat' dir='ltr'>cer·</span> 
     </span>
     <span class='ocr_line' id='line_1_8' title="bbox 608 1557 1905 1644; baseline -0.002 -18"><span class='ocrx_word' id='word_1_74' title='bbox 608 1562 739 1640; x_wconf 90' lang='lat' dir='ltr'>visiam,</span> <span class='ocrx_word' id='word_1_75' title='bbox 767 1565 800 1628; x_wconf 88' lang='lat' dir='ltr'>et</span> <span class='ocrx_word' id='word_1_76' title='bbox 826 1561 1006 1628; x_wconf 78' lang='lat' dir='ltr'><strong>submersit</strong></span> <span class='ocrx_word' id='word_1_77' title='bbox 1028 1581 1063 1627; x_wconf 93' lang='lat' dir='ltr'>se</span> <span class='ocrx_word' id='word_1_78' title='bbox 1085 1581 1144 1644; x_wconf 89' lang='lat' dir='ltr'>per</span> <span class='ocrx_word' id='word_1_79' title='bbox 1168 1558 1402 1626; x_wconf 86' lang='lat' dir='ltr'>infortunium.</span> <span class='ocrx_word' id='word_1_80' title='bbox 1447 1559 1494 1624; x_wconf 86' lang='lat' dir='ltr'>Et</span> <span class='ocrx_word' id='word_1_81' title='bbox 1520 1557 1608 1624; x_wconf 88' lang='lat' dir='ltr'>dicta</span> <span class='ocrx_word' id='word_1_82' title='bbox 1632 1558 1774 1625; x_wconf 88' lang='lat' dir='ltr'>Matilda</span> <span class='ocrx_word' id='word_1_83' title='bbox 1797 1561 1905 1625; x_wconf 88' lang='lat' dir='ltr'>mater</span> 
     </span>
     <span class='ocr_line' id='line_1_9' title="bbox 608 1663 1906 1750; baseline -0.003 -18"><span class='ocrx_word' id='word_1_84' title='bbox 608 1666 680 1750; x_wconf 88' lang='lat' dir='ltr'>ejus</span> <span class='ocrx_word' id='word_1_85' title='bbox 696 1666 823 1733; x_wconf 86' lang='lat' dir='ltr'>invenit</span> <span class='ocrx_word' id='word_1_86' title='bbox 838 1687 914 1733; x_wconf 91' lang='lat' dir='ltr'>oum</span> <span class='ocrx_word' id='word_1_87' title='bbox 930 1667 1038 1750; x_wconf 89' lang='lat' dir='ltr'>primo</span> <span class='ocrx_word' id='word_1_88' title='bbox 1054 1667 1086 1732; x_wconf 89' lang='lat' dir='ltr'>et</span> <span class='ocrx_word' id='word_1_89' title='bbox 1102 1665 1223 1732; x_wconf 89' lang='lat' dir='ltr'>levavit</span> <span class='ocrx_word' id='word_1_90' title='bbox 1239 1685 1315 1730; x_wconf 90' lang='lat' dir='ltr'>eum</span> <span class='ocrx_word' id='word_1_91' title='bbox 1326 1664 1463 1747; x_wconf 84' lang='lat' dir='ltr'>deaque</span> <span class='ocrx_word' id='word_1_92' title='bbox 1474 1666 1507 1729; x_wconf 90' lang='lat' dir='ltr'>et</span> <span class='ocrx_word' id='word_1_93' title='bbox 1517 1663 1657 1746; x_wconf 86' lang='lat' dir='ltr'>putabat</span> <span class='ocrx_word' id='word_1_94' title='bbox 1673 1663 1800 1729; x_wconf 83' lang='lat' dir='ltr'>salvare</span> <span class='ocrx_word' id='word_1_95' title='bbox 1816 1684 1906 1743; x_wconf 82' lang='lat' dir='ltr'>eum,</span> 
     </span>
     <span class='ocr_line' id='line_1_10' title="bbox 526 1753 1904 1858; baseline -0.003 -20"><span class='ocrx_word' id='word_1_96' title='bbox 526 1777 529 1786; x_wconf 92' lang='lat'>&#39;</span> <span class='ocrx_word' id='word_1_97' title='bbox 609 1793 670 1838; x_wconf 93' lang='lat' dir='ltr'>nec</span> <span class='ocrx_word' id='word_1_98' title='bbox 692 1772 812 1858; x_wconf 87' lang='lat' dir='ltr'>potuit.</span> <span class='ocrx_word' id='word_1_99' title='bbox 857 1772 904 1839; x_wconf 84' lang='lat' dir='ltr'>Et</span> <span class='ocrx_word' id='word_1_100' title='bbox 926 1770 1054 1838; x_wconf 88' lang='lat' dir='ltr'>invenit</span> <span class='ocrx_word' id='word_1_101' title='bbox 1072 1770 1197 1856; x_wconf 82' lang='lat' dir='ltr'>plegios</span> <span class='ocrx_word' id='word_1_102' title='bbox 1216 1753 1399 1836; x_wconf 81' lang='lat' dir='ltr'>Robertnm</span> <span class='ocrx_word' id='word_1_103' title='bbox 1422 1769 1511 1853; x_wconf 89' lang='lat' dir='ltr'>Pagc</span> <span class='ocrx_word' id='word_1_104' title='bbox 1526 1771 1559 1835; x_wconf 91' lang='lat' dir='ltr'>ct</span> <span class='ocrx_word' id='word_1_105' title='bbox 1574 1767 1777 1836; x_wconf 88' lang='lat' dir='ltr'>Willelmum</span> <span class='ocrx_word' id='word_1_106' title='bbox 1798 1766 1904 1834; x_wconf 90' lang='lat' dir='ltr'>filium</span> 
     </span>
     <span class='ocr_line' id='line_1_11' title="bbox 609 1861 1045 1944; baseline -0.005 0"><span class='ocrx_word' id='word_1_107' title='bbox 609 1872 700 1944; x_wconf 87' lang='lat' dir='ltr'>Petri</span> <span class='ocrx_word' id='word_1_108' title='bbox 715 1876 756 1943; x_wconf 97' lang='grc'>(16</span> <span class='ocrx_word' id='word_1_109' title='bbox 771 1861 940 1944; x_wconf 80' lang='lat' dir='ltr'>Bereford.</span> <span class='ocrx_word' id='word_1_110' title='bbox 1037 1893 1045 1906; x_wconf 91' lang='lat'><strong>·</strong></span> 
     </span>
    </p>

    <p class='ocr_par' dir='ltr' id='par_1_6' title="bbox 609 1977 1975 2274">
     <span class='ocr_line' id='line_1_12' title="bbox 675 1977 1905 2066; baseline -0.003 -19"><span class='ocrx_word' id='word_1_111' title='bbox 675 1981 856 2066; x_wconf 90' lang='lat' dir='ltr'>Inquisicio</span> <span class='ocrx_word' id='word_1_112' title='bbox 885 1983 973 2048; x_wconf 85' lang='lat' dir='ltr'>facta</span> <span class='ocrx_word' id='word_1_113' title='bbox 1003 2001 1114 2047; x_wconf 90' lang='lat' dir='ltr'>coram</span> <span class='ocrx_word' id='word_1_114' title='bbox 1147 1979 1181 2046; x_wconf 81' lang='lat' dir='ltr'>S.</span> <span class='ocrx_word' id='word_1_115' title='bbox 1212 1979 1310 2044; x_wconf 87' lang='lat' dir='ltr'>Ruffo</span> <span class='ocrx_word' id='word_1_116' title='bbox 1339 1981 1533 2044; x_wconf 75' lang='lat' dir='ltr'>coronatore</span> <span class='ocrx_word' id='word_1_117' title='bbox 1563 1998 1621 2063; x_wconf 90' lang='lat' dir='ltr'>per</span> <span class='ocrx_word' id='word_1_118' title='bbox 1651 1977 1712 2061; x_wconf 91' lang='lat' dir='ltr'>iiij.</span> <span class='ocrx_word' id='word_1_119' title='bbox 1739 1977 1806 2044; x_wconf 87' lang='lat' dir='ltr'>vill&#39;</span> <span class='ocrx_word' id='word_1_120' title='bbox 1830 1998 1905 2062; x_wconf 88' lang='lat' dir='ltr'>pro-</span> 
     </span>
     <span class='ocr_line' id='line_1_13' title="bbox 609 2081 1975 2170; baseline -0.002 -20"><span class='ocrx_word' id='word_1_121' title='bbox 609 2085 810 2170; x_wconf 87' lang='lat' dir='ltr'>pinquiores,</span> <span class='ocrx_word' id='word_1_122' title='bbox 826 2085 994 2164; x_wconf 85' lang='lat' dir='ltr'>Bereford‚</span> <span class='ocrx_word' id='word_1_123' title='bbox 1011 2084 1171 2162; x_wconf 87' lang='lat' dir='ltr'>Ronhalc,</span> <span class='ocrx_word' id='word_1_124' title='bbox 1188 2082 1414 2160; x_wconf 81' lang='lat' dir='ltr'>Rolrkesdoue,</span> <span class='ocrx_word' id='word_1_125' title='bbox 1430 2082 1591 2161; x_wconf 79' lang='lat' dir='ltr'>wildene,</span> <span class='ocrx_word' id='word_1_126' title='bbox 1608 2103 1671 2166; x_wconf 90' lang='lat' dir='ltr'>que</span> <span class='ocrx_word' id='word_1_127' title='bbox 1687 2081 1803 2147; x_wconf 90' lang='lat' dir='ltr'>dicunt</span> <span class='ocrx_word' id='word_1_128' title='bbox 1818 2082 1905 2166; x_wconf 90' lang='lat' dir='ltr'>quod</span> <span class='ocrx_word' id='word_1_129' title='bbox 1970 2151 1975 2160; x_wconf 62' lang='grc'><strong>,</strong></span> 
     </span>
     <span class='ocr_line' id='line_1_14' title="bbox 609 2186 1587 2274; baseline -0.001 -19"><span class='ocrx_word' id='word_1_130' title='bbox 609 2190 712 2258; x_wconf 83' lang='lat' dir='ltr'>nichil</span> <span class='ocrx_word' id='word_1_131' title='bbox 728 2190 837 2256; x_wconf 88' lang='lat' dir='ltr'>sciunt</span> <span class='ocrx_word' id='word_1_132' title='bbox 851 2190 918 2256; x_wconf 91' lang='lat' dir='ltr'>nisi</span> <span class='ocrx_word' id='word_1_133' title='bbox 933 2189 1019 2273; x_wconf 91' lang='lat' dir='ltr'>quod</span> <span class='ocrx_word' id='word_1_134' title='bbox 1034 2209 1093 2274; x_wconf 87' lang='lat' dir='ltr'>per</span> <span class='ocrx_word' id='word_1_135' title='bbox 1108 2187 1330 2254; x_wconf 81' lang='lat' dir='ltr'>infortunium</span> <span class='ocrx_word' id='word_1_136' title='bbox 1347 2186 1525 2252; x_wconf 74' lang='lat' dir='ltr'>submersit</span> <span class='ocrx_word' id='word_1_137' title='bbox 1542 2208 1587 2254; x_wconf 86' lang='lat' dir='ltr'>se.</span> 
     </span>
    </p>
   </div>
   <div class='ocr_carea' id='block_1_6' title="bbox 563 2395 1984 3530">
    <p class='ocr_par' dir='ltr' id='par_1_7' title="bbox 563 2395 1984 3530">
     <span class='ocr_line' id='line_1_15' title="bbox 676 2395 1904 2486; baseline -0.007 -17"><span class='ocrx_word' id='word_1_138' title='bbox 676 2401 822 2486; x_wconf 82' lang='lat' dir='ltr'>Contigit</span> <span class='ocrx_word' id='word_1_139' title='bbox 838 2400 873 2466; x_wconf 91' lang='lat' dir='ltr'>iu</span> <span class='ocrx_word' id='word_1_140' title='bbox 889 2400 966 2466; x_wconf 87' lang='lat' dir='ltr'>villa</span> <span class='ocrx_word' id='word_1_141' title='bbox 982 2399 1022 2465; x_wconf 91' lang='grc'>(16</span> <span class='ocrx_word' id='word_1_142' title='bbox 1038 2398 1260 2481; x_wconf 85' lang='lat' dir='ltr'>Goldingtone</span> <span class='ocrx_word' id='word_1_143' title='bbox 1281 2396 1333 2462; x_wconf 92' lang='lat' dir='ltr'>dic</span> <span class='ocrx_word' id='word_1_144' title='bbox 1355 2395 1474 2462; x_wconf 89' lang='lat' dir='ltr'>Martis</span> <span class='ocrx_word' id='word_1_145' title='bbox 1497 2395 1532 2460; x_wconf 92' lang='lat' dir='ltr'>in</span> <span class='ocrx_word' id='word_1_146' title='bbox 1548 2396 1661 2480; x_wconf 88' lang='lat' dir='ltr'>vigilia</span> <span class='ocrx_word' id='word_1_147' title='bbox 1685 2397 1720 2464; x_wconf 82' lang='lat' dir='ltr'>S.</span> <span class='ocrx_word' id='word_1_148' title='bbox 1736 2395 1904 2463; x_wconf 88' lang='lat' dir='ltr'>Dunstani</span> 
     </span>
     <span class='ocr_line' id='line_1_16' title="bbox 608 2500 1904 2592; baseline -0.005 -20"><span class='ocrx_word' id='word_1_149' title='bbox 608 2509 685 2592; x_wconf 92' lang='lat' dir='ltr'>post</span> <span class='ocrx_word' id='word_1_150' title='bbox 707 2527 859 2591; x_wconf 86' lang='lat' dir='ltr'>vesperas</span> <span class='ocrx_word' id='word_1_151' title='bbox 882 2526 972 2572; x_wconf 90' lang='lat' dir='ltr'>anno</span> <span class='ocrx_word' id='word_1_152' title='bbox 994 2505 1019 2570; x_wconf 81' lang='lat'>1⁰</span> <span class='ocrx_word' id='word_1_153' title='bbox 1038 2503 1146 2589; x_wconf 90' lang='lat' dir='ltr'>primo</span> <span class='ocrx_word' id='word_1_154' title='bbox 1169 2502 1256 2588; x_wconf 91' lang='lat' dir='ltr'>quod</span> <span class='ocrx_word' id='word_1_155' title='bbox 1280 2505 1354 2568; x_wconf 86' lang='lat' dir='ltr'>orta</span> <span class='ocrx_word' id='word_1_156' title='bbox 1382 2500 1445 2566; x_wconf 83' lang='lat' dir='ltr'>luit</span> <span class='ocrx_word' id='word_1_157' title='bbox 1469 2500 1641 2567; x_wconf 83' lang='lat' dir='ltr'>contencio</span> <span class='ocrx_word' id='word_1_158' title='bbox 1667 2501 1703 2566; x_wconf 91' lang='lat' dir='ltr'>in</span> <span class='ocrx_word' id='word_1_159' title='bbox 1731 2501 1842 2568; x_wconf 85' lang='lat' dir='ltr'>Grena</span> <span class='ocrx_word' id='word_1_160' title='bbox 1864 2500 1904 2566; x_wconf 89' lang='lat' dir='ltr'>dc</span> 
     </span>
     <span class='ocr_line' id='line_1_17' title="bbox 563 2605 1905 2696; baseline -0.006 -17"><span class='ocrx_word' id='word_1_161' title='bbox 563 2639 567 2646; x_wconf 64' lang='lat'>¹</span> <span class='ocrx_word' id='word_1_162' title='bbox 610 2611 831 2696; x_wconf 86' lang='lat' dir='ltr'>Goldingtone</span> <span class='ocrx_word' id='word_1_163' title='bbox 847 2611 934 2676; x_wconf 90' lang='lat' dir='ltr'>inter</span> <span class='ocrx_word' id='word_1_164' title='bbox 949 2609 1150 2676; x_wconf 90' lang='lat' dir='ltr'>Willelmum</span> <span class='ocrx_word' id='word_1_165' title='bbox 1166 2605 1302 2674; x_wconf 81' lang='lat' dir='ltr'>Ruffum</span> <span class='ocrx_word' id='word_1_166' title='bbox 1317 2605 1358 2672; x_wconf 90' lang='lat' dir='ltr'>de</span> <span class='ocrx_word' id='word_1_167' title='bbox 1374 2605 1596 2690; x_wconf 85' lang='lat' dir='ltr'>Goldingtone</span> <span class='ocrx_word' id='word_1_168' title='bbox 1611 2609 1644 2672; x_wconf 92' lang='lat' dir='ltr'>et</span> <span class='ocrx_word' id='word_1_169' title='bbox 1660 2605 1849 2672; x_wconf 86' lang='lat' dir='ltr'>Johannem</span> <span class='ocrx_word' id='word_1_170' title='bbox 1864 2605 1905 2671; x_wconf 90' lang='lat' dir='ltr'>de</span> 
     </span>
     <span class='ocr_line' id='line_1_18' title="bbox 609 2709 1905 2800; baseline -0.005 -16"><span class='ocrx_word' id='word_1_171' title='bbox 609 2715 831 2800; x_wconf 87' lang='lat' dir='ltr'>Goldingtone</span> <span class='ocrx_word' id='word_1_172' title='bbox 864 2733 925 2799; x_wconf 89' lang='lat' dir='ltr'>pro</span> <span class='ocrx_word' id='word_1_173' title='bbox 956 2713 1190 2780; x_wconf 90' lang='lat' dir='ltr'>bidentibus..</span> <span class='ocrx_word' id='word_1_174' title='bbox 1219 2759 1227 2777; x_wconf 91' lang='lat'><strong>.</strong></span> <span class='ocrx_word' id='word_1_175' title='bbox 1259 2759 1269 2778; x_wconf 87' lang='lat'><strong>.</strong></span> <span class='ocrx_word' id='word_1_176' title='bbox 1300 2710 1348 2776; x_wconf 84' lang='lat' dir='ltr'>Et</span> <span class='ocrx_word' id='word_1_177' title='bbox 1377 2713 1512 2794; x_wconf 89' lang='lat' dir='ltr'>propter</span> <span class='ocrx_word' id='word_1_178' title='bbox 1542 2709 1728 2777; x_wconf 87' lang='lat' dir='ltr'>huttesium</span> <span class='ocrx_word' id='word_1_179' title='bbox 1758 2711 1905 2777; x_wconf 90' lang='lat' dir='ltr'>levatum</span> 
     </span>
     <span class='ocr_line' id='line_1_19' title="bbox 611 2813 1905 2901; baseline -0.008 -12"><span class='ocrx_word' id='word_1_180' title='bbox 611 2820 727 2889; x_wconf 82' lang='lat' dir='ltr'>Simon</span> <span class='ocrx_word' id='word_1_181' title='bbox 742 2819 860 2898; x_wconf 79' lang='lat' dir='ltr'>Rufius</span> <span class='ocrx_word' id='word_1_182' title='bbox 869 2821 1041 2885; x_wconf 87' lang='lat' dir='ltr'>coronator</span> <span class='ocrx_word' id='word_1_183' title='bbox 1057 2817 1134 2883; x_wconf 82' lang='lat' dir='ltr'>iecit</span> <span class='ocrx_word' id='word_1_184' title='bbox 1148 2814 1400 2901; x_wconf 88' lang='lat' dir='ltr'>inquisicionem</span> <span class='ocrx_word' id='word_1_185' title='bbox 1416 2834 1474 2899; x_wconf 88' lang='lat' dir='ltr'>per</span> <span class='ocrx_word' id='word_1_186' title='bbox 1489 2813 1550 2898; x_wconf 89' lang='lat' dir='ltr'>iiij.</span> <span class='ocrx_word' id='word_1_187' title='bbox 1563 2814 1630 2879; x_wconf 86' lang='lat' dir='ltr'>vill&#39;</span> <span class='ocrx_word' id='word_1_188' title='bbox 1642 2813 1905 2899; x_wconf 85' lang='lat' dir='ltr'>propinquiores,</span> 
     </span>
     <span class='ocr_line' id='line_1_20' title="bbox 610 2918 1905 3008; baseline -0.005 -17"><span class='ocrx_word' id='word_1_189' title='bbox 610 2925 842 3008; x_wconf 87' lang='lat' dir='ltr'>Goldingtone,</span> <span class='ocrx_word' id='word_1_190' title='bbox 865 2922 1015 2990; x_wconf 89' lang='lat' dir='ltr'>Ronhale</span> <span class='ocrx_word' id='word_1_191' title='bbox 1038 2925 1070 2988; x_wconf 94' lang='lat' dir='ltr'>et</span> <span class='ocrx_word' id='word_1_192' title='bbox 1100 2919 1335 2988; x_wconf 87' lang='lat' dir='ltr'>Ravonesdene</span> <span class='ocrx_word' id='word_1_193' title='bbox 1365 2939 1424 3002; x_wconf 90' lang='lat' dir='ltr'>pro</span> <span class='ocrx_word' id='word_1_194' title='bbox 1451 2939 1519 2984; x_wconf 85' lang='lat' dir='ltr'>una</span> <span class='ocrx_word' id='word_1_195' title='bbox 1541 2918 1665 2996; x_wconf 91' lang='lat' dir='ltr'>villata,</span> <span class='ocrx_word' id='word_1_196' title='bbox 1692 2919 1842 2986; x_wconf 87' lang='lat' dir='ltr'>Wildeno</span> <span class='ocrx_word' id='word_1_197' title='bbox 1872 2921 1905 2985; x_wconf 89' lang='lat' dir='ltr'>et</span> 
     </span>
     <span class='ocr_line' id='line_1_21' title="bbox 610 3021 1905 3111; baseline -0.006 -15"><span class='ocrx_word' id='word_1_198' title='bbox 610 3029 778 3096; x_wconf 88' lang='lat' dir='ltr'>Bereford.</span> <span class='ocrx_word' id='word_1_199' title='bbox 824 3027 1045 3111; x_wconf 83' lang='lat' dir='ltr'>Goldingtone</span> <span class='ocrx_word' id='word_1_200' title='bbox 1069 3026 1149 3093; x_wconf 91' lang='lat' dir='ltr'>dicit</span> <span class='ocrx_word' id='word_1_201' title='bbox 1172 3025 1259 3110; x_wconf 93' lang='lat' dir='ltr'>quod</span> <span class='ocrx_word' id='word_1_202' title='bbox 1281 3023 1449 3108; x_wconf 87' lang='lat' dir='ltr'>predictus</span> <span class='ocrx_word' id='word_1_203' title='bbox 1468 3023 1652 3090; x_wconf 89' lang='lat' dir='ltr'>Willelmue</span> <span class='ocrx_word' id='word_1_204' title='bbox 1675 3044 1743 3089; x_wconf 92' lang='lat' dir='ltr'>non</span> <span class='ocrx_word' id='word_1_205' title='bbox 1764 3021 1846 3089; x_wconf 93' lang='lat' dir='ltr'>obiit</span> <span class='ocrx_word' id='word_1_206' title='bbox 1864 3022 1905 3088; x_wconf 92' lang='lat' dir='ltr'>dc</span> 
     </span>
     <span class='ocr_line' id='line_1_22' title="bbox 611 3125 1904 3220; baseline -0.005 -22"><span class='ocrx_word' id='word_1_207' title='bbox 611 3133 700 3199; x_wconf 89' lang='lat' dir='ltr'>dicta</span> <span class='ocrx_word' id='word_1_208' title='bbox 722 3133 829 3218; x_wconf 87' lang='lat' dir='ltr'>plaga,</span> <span class='ocrx_word' id='word_1_209' title='bbox 855 3137 905 3200; x_wconf 89' lang='lat' dir='ltr'>set</span> <span class='ocrx_word' id='word_1_210' title='bbox 928 3131 1043 3197; x_wconf 89' lang='lat' dir='ltr'>dicunt</span> <span class='ocrx_word' id='word_1_211' title='bbox 1066 3129 1153 3214; x_wconf 93' lang='lat' dir='ltr'>quod</span> <span class='ocrx_word' id='word_1_212' title='bbox 1169 3129 1249 3196; x_wconf 88' lang='lat' dir='ltr'>obiit</span> <span class='ocrx_word' id='word_1_213' title='bbox 1272 3129 1312 3194; x_wconf 91' lang='lat' dir='ltr'>dc</span> <span class='ocrx_word' id='word_1_214' title='bbox 1334 3125 1482 3212; x_wconf 88' lang='lat' dir='ltr'>predicta</span> <span class='ocrx_word' id='word_1_215' title='bbox 1503 3126 1699 3194; x_wconf 86' lang='lat' dir='ltr'>infirmitate</span> <span class='ocrx_word' id='word_1_216' title='bbox 1714 3131 1747 3194; x_wconf 91' lang='lat' dir='ltr'>et</span> <span class='ocrx_word' id='word_1_217' title='bbox 1762 3147 1830 3192; x_wconf 90' lang='lat' dir='ltr'>non</span> <span class='ocrx_word' id='word_1_218' title='bbox 1846 3147 1904 3220; x_wconf 86' lang='lat' dir='ltr'>per</span> 
     </span>
     <span class='ocr_line' id='line_1_23' title="bbox 610 3219 1903 3322; baseline -0.005 -21"><span class='ocrx_word' id='word_1_219' title='bbox 610 3237 743 3322; x_wconf 85' lang='lat' dir='ltr'>plagam</span> <span class='ocrx_word' id='word_1_220' title='bbox 764 3237 1084 3322; x_wconf 86' lang='lat' dir='ltr'>quiaindesanatus</span> <span class='ocrx_word' id='word_1_221' title='bbox 1100 3235 1163 3301; x_wconf 90' lang='lat' dir='ltr'>fuit</span> <span class='ocrx_word' id='word_1_222' title='bbox 1186 3239 1219 3301; x_wconf 90' lang='lat' dir='ltr'>et</span> <span class='ocrx_word' id='word_1_223' title='bbox 1243 3219 1322 3300; x_wconf 84' lang='lat' dir='ltr'>lacti</span> <span class='ocrx_word' id='word_1_224' title='bbox 1345 3233 1480 3298; x_wconf 88' lang='lat' dir='ltr'>fuerunt</span> <span class='ocrx_word' id='word_1_225' title='bbox 1502 3232 1690 3298; x_wconf 86' lang='lat' dir='ltr'>concordes.</span> <span class='ocrx_word' id='word_1_226' title='bbox 1735 3230 1903 3308; x_wconf 87' lang='lat' dir='ltr'>Bereford,</span> 
     </span>
     <span class='ocr_line' id='line_1_24' title="bbox 611 3333 1984 3428; baseline -0.007 -20"><span class='ocrx_word' id='word_1_227' title='bbox 611 3343 770 3428; x_wconf 88' lang='lat' dir='ltr'>Ronhalc,</span> <span class='ocrx_word' id='word_1_228' title='bbox 793 3343 953 3420; x_wconf 89' lang='lat' dir='ltr'>Wildenc,</span> <span class='ocrx_word' id='word_1_229' title='bbox 980 3340 1214 3406; x_wconf 88' lang='lat' dir='ltr'>Ravenesdonc</span> <span class='ocrx_word' id='word_1_230' title='bbox 1237 3339 1324 3404; x_wconf 90' lang='lat' dir='ltr'>idem</span> <span class='ocrx_word' id='word_1_231' title='bbox 1349 3336 1475 3402; x_wconf 90' lang='lat' dir='ltr'>dicunt.</span> <span class='ocrx_word' id='word_1_232' title='bbox 1520 3337 1716 3421; x_wconf 87' lang='lat' dir='ltr'>Preceptum</span> <span class='ocrx_word' id='word_1_233' title='bbox 1740 3339 1791 3402; x_wconf 87' lang='lat' dir='ltr'>est</span> <span class='ocrx_word' id='word_1_234' title='bbox 1817 3333 1905 3420; x_wconf 90' lang='lat' dir='ltr'>quod</span> <span class='ocrx_word' id='word_1_235' title='bbox 1982 3381 1984 3385; x_wconf 87' lang='lat'><em>-</em></span> 
     </span>
     <span class='ocr_line' id='line_1_25' title="bbox 612 3446 1296 3530; baseline -0.009 -14"><span class='ocrx_word' id='word_1_236' title='bbox 612 3451 632 3516; x_wconf 88' lang='lat' dir='ltr'><strong>J</strong></span> <span class='ocrx_word' id='word_1_237' title='bbox 634 3449 781 3516; x_wconf 87' lang='lat' dir='ltr'>ohannes</span> <span class='ocrx_word' id='word_1_238' title='bbox 797 3449 837 3516; x_wconf 90' lang='lat' dir='ltr'>do</span> <span class='ocrx_word' id='word_1_239' title='bbox 853 3447 1084 3530; x_wconf 85' lang='lat' dir='ltr'>Goudingtone</span> <span class='ocrx_word' id='word_1_240' title='bbox 1100 3446 1296 3514; x_wconf 89' lang='lat' dir='ltr'>ataohietur.</span> 
     </span>
    </p>
   </div>
   <div class='ocr_carea' id='block_1_7' title="bbox 537 3959 1905 4156">
    <p class='ocr_par' dir='ltr' id='par_1_8' title="bbox 537 3959 1905 4156">
     <span class='ocr_line' id='line_1_26' title="bbox 537 3959 1904 4060; baseline -0.018 -16"><span class='ocrx_word' id='word_1_241' title='bbox 537 4015 548 4044; x_wconf 72' lang='lat'>0</span> <span class='ocrx_word' id='word_1_242' title='bbox 678 3973 825 4060; x_wconf 83' lang='lat' dir='ltr'>Contigit</span> <span class='ocrx_word' id='word_1_243' title='bbox 840 3971 928 4058; x_wconf 89' lang='lat' dir='ltr'>apud</span> <span class='ocrx_word' id='word_1_244' title='bbox 944 3968 1119 4038; x_wconf 89' lang='lat' dir='ltr'>Honidene</span> <span class='ocrx_word' id='word_1_245' title='bbox 1134 3967 1169 4034; x_wconf 92' lang='lat' dir='ltr'>in</span> <span class='ocrx_word' id='word_1_246' title='bbox 1185 3964 1341 4052; x_wconf 89' lang='lat' dir='ltr'>parochia</span> <span class='ocrx_word' id='word_1_247' title='bbox 1365 3965 1404 4032; x_wconf 92' lang='lat' dir='ltr'>de</span> <span class='ocrx_word' id='word_1_248' title='bbox 1419 3963 1529 4032; x_wconf 80' lang='lat' dir='ltr'>Etone</span> <span class='ocrx_word' id='word_1_249' title='bbox 1545 3962 1597 4030; x_wconf 90' lang='lat' dir='ltr'>die</span> <span class='ocrx_word' id='word_1_250' title='bbox 1613 3960 1633 4028; x_wconf 88' lang='lat' dir='ltr'><strong>J</strong></span> <span class='ocrx_word' id='word_1_251' title='bbox 1635 3959 1704 4028; x_wconf 84' lang='lat' dir='ltr'>ovis</span> <span class='ocrx_word' id='word_1_252' title='bbox 1720 3959 1809 4045; x_wconf 84' lang='lat' dir='ltr'>prox&#39;</span> <span class='ocrx_word' id='word_1_253' title='bbox 1827 3960 1904 4024; x_wconf 87' lang='lat' dir='ltr'>ante</span> 
     </span>
     <span class='ocr_line' id='line_1_27' title="bbox 611 4065 1905 4156; baseline -0.019 -7"><span class='ocrx_word' id='word_1_254' title='bbox 611 4081 830 4150; x_wconf 85' lang='lat' dir='ltr'>Nativitatem</span> <span class='ocrx_word' id='word_1_255' title='bbox 856 4079 959 4144; x_wconf 85' lang='lat' dir='ltr'>Beate</span> <span class='ocrx_word' id='word_1_256' title='bbox 985 4075 1091 4142; x_wconf 91' lang='lat' dir='ltr'>Marie</span> <span class='ocrx_word' id='word_1_257' title='bbox 1115 4094 1203 4140; x_wconf 90' lang='lat' dir='ltr'>anno</span> <span class='ocrx_word' id='word_1_258' title='bbox 1227 4073 1252 4138; x_wconf 94' lang='lat' dir='ltr'>l⁰</span> <span class='ocrx_word' id='word_1_259' title='bbox 1275 4070 1383 4156; x_wconf 88' lang='lat' dir='ltr'>primo</span> <span class='ocrx_word' id='word_1_260' title='bbox 1407 4069 1493 4154; x_wconf 91' lang='lat' dir='ltr'>quod</span> <span class='ocrx_word' id='word_1_261' title='bbox 1514 4069 1558 4153; x_wconf 87' lang='lat' dir='ltr'>vj.</span> <span class='ocrx_word' id='word_1_262' title='bbox 1574 4067 1720 4133; x_wconf 90' lang='lat' dir='ltr'>latrones</span> <span class='ocrx_word' id='word_1_263' title='bbox 1743 4065 1905 4130; x_wconf 89' lang='lat' dir='ltr'>venerunt</span> 
     </span>
    </p>
   </div>
   <div class='ocr_carea' id='block_1_8' title="bbox 611 4171 1906 4904">
    <p class='ocr_par' dir='ltr' id='par_1_9' title="bbox 611 4171 1906 4904">
     <span class='ocr_line' id='line_1_28' title="bbox 611 4171 1905 4274; baseline -0.019 -18"><span class='ocrx_word' id='word_1_264' title='bbox 611 4189 700 4274; x_wconf 88' lang='lat' dir='ltr'>apud</span> <span class='ocrx_word' id='word_1_265' title='bbox 715 4187 890 4255; x_wconf 91' lang='lat' dir='ltr'>Honidene</span> <span class='ocrx_word' id='word_1_266' title='bbox 910 4186 1027 4250; x_wconf 85' lang='lat' dir='ltr'>contra</span> <span class='ocrx_word' id='word_1_267' title='bbox 1049 4182 1166 4247; x_wconf 90' lang='lat' dir='ltr'>horam</span> <span class='ocrx_word' id='word_1_268' title='bbox 1181 4177 1404 4262; x_wconf 87' lang='lat' dir='ltr'>vespertinam</span> <span class='ocrx_word' id='word_1_269' title='bbox 1426 4176 1512 4242; x_wconf 88' lang='lat' dir='ltr'>inter</span> <span class='ocrx_word' id='word_1_270' title='bbox 1535 4195 1651 4242; x_wconf 90' lang='lat' dir='ltr'>canem</span> <span class='ocrx_word' id='word_1_271' title='bbox 1677 4175 1709 4238; x_wconf 90' lang='lat' dir='ltr'>ct</span> <span class='ocrx_word' id='word_1_272' title='bbox 1733 4171 1850 4254; x_wconf 90' lang='lat' dir='ltr'>lupum</span> <span class='ocrx_word' id='word_1_273' title='bbox 1872 4171 1905 4233; x_wconf 91' lang='lat' dir='ltr'>et</span> 
     </span>
     <span class='ocr_line' id='line_1_29' title="bbox 611 4271 1905 4374; baseline -0.018 -15"><span class='ocrx_word' id='word_1_274' title='bbox 611 4295 811 4360; x_wconf 89' lang='lat' dir='ltr'>invenerunt</span> <span class='ocrx_word' id='word_1_275' title='bbox 825 4311 932 4356; x_wconf 91' lang='lat' dir='ltr'>unum</span> <span class='ocrx_word' id='word_1_276' title='bbox 948 4286 1137 4374; x_wconf 82' lang='lat' dir='ltr'>garcionem</span> <span class='ocrx_word' id='word_1_277' title='bbox 1153 4283 1345 4368; x_wconf 89' lang='lat' dir='ltr'>Philippum</span> <span class='ocrx_word' id='word_1_278' title='bbox 1360 4281 1468 4346; x_wconf 92' lang='lat' dir='ltr'>filium</span> <span class='ocrx_word' id='word_1_279' title='bbox 1484 4279 1604 4364; x_wconf 88' lang='lat' dir='ltr'>Rogeri</span> <span class='ocrx_word' id='word_1_280' title='bbox 1619 4277 1723 4344; x_wconf 88' lang='lat' dir='ltr'>Goldc</span> <span class='ocrx_word' id='word_1_281' title='bbox 1744 4273 1800 4358; x_wconf 91' lang='lat' dir='ltr'>qui</span> <span class='ocrx_word' id='word_1_282' title='bbox 1816 4271 1905 4339; x_wconf 88' lang='lat' dir='ltr'>venit</span> 
     </span>
     <span class='ocr_line' id='line_1_30' title="bbox 612 4379 1906 4480; baseline -0.019 -16"><span class='ocrx_word' id='word_1_283' title='bbox 612 4399 652 4464; x_wconf 91' lang='grc'>(16</span> <span class='ocrx_word' id='word_1_284' title='bbox 679 4397 768 4464; x_wconf 84' lang='lat' dir='ltr'>faida</span> <span class='ocrx_word' id='word_1_285' title='bbox 790 4394 896 4480; x_wconf 88' lang='lat' dir='ltr'>patris</span> <span class='ocrx_word' id='word_1_286' title='bbox 919 4393 972 4460; x_wconf 88' lang='lat' dir='ltr'>sui</span> <span class='ocrx_word' id='word_1_287' title='bbox 994 4395 1027 4458; x_wconf 91' lang='lat' dir='ltr'>et</span> <span class='ocrx_word' id='word_1_288' title='bbox 1051 4391 1161 4475; x_wconf 91' lang='lat' dir='ltr'>ipsum</span> <span class='ocrx_word' id='word_1_289' title='bbox 1186 4389 1443 4456; x_wconf 85' lang='lat' dir='ltr'>verberaverunt</span> <span class='ocrx_word' id='word_1_290' title='bbox 1470 4387 1503 4452; x_wconf 90' lang='lat' dir='ltr'>et</span> <span class='ocrx_word' id='word_1_291' title='bbox 1527 4381 1842 4450; x_wconf 85' lang='lat' dir='ltr'>maletractaverunt</span> <span class='ocrx_word' id='word_1_292' title='bbox 1872 4379 1906 4441; x_wconf 88' lang='lat' dir='ltr'>et</span> 
     </span>
     <span class='ocr_line' id='line_1_31' title="bbox 611 4479 1906 4580; baseline -0.02 -10"><span class='ocrx_word' id='word_1_293' title='bbox 611 4504 854 4571; x_wconf 86' lang='lat' dir='ltr'>wlneraverunt</span> <span class='ocrx_word' id='word_1_294' title='bbox 868 4503 901 4566; x_wconf 89' lang='lat' dir='ltr'>ct</span> <span class='ocrx_word' id='word_1_295' title='bbox 925 4499 1074 4565; x_wconf 82' lang='lat' dir='ltr'>lecerunt</span> <span class='ocrx_word' id='word_1_296' title='bbox 1097 4495 1207 4580; x_wconf 88' lang='lat' dir='ltr'>ipsum</span> <span class='ocrx_word' id='word_1_297' title='bbox 1230 4492 1263 4559; x_wconf 82' lang='lat' dir='ltr'>vi</span> <span class='ocrx_word' id='word_1_298' title='bbox 1285 4493 1404 4558; x_wconf 92' lang='lat' dir='ltr'>ducere</span> <span class='ocrx_word' id='word_1_299' title='bbox 1429 4511 1483 4556; x_wconf 91' lang='lat' dir='ltr'>eos</span> <span class='ocrx_word' id='word_1_300' title='bbox 1509 4489 1550 4555; x_wconf 87' lang='lat' dir='ltr'>ad</span> <span class='ocrx_word' id='word_1_301' title='bbox 1576 4487 1711 4554; x_wconf 89' lang='lat' dir='ltr'>domum</span> <span class='ocrx_word' id='word_1_302' title='bbox 1738 4479 1906 4566; x_wconf 77' lang='lat' dir='ltr'>Radrdphi</span> 
     </span>
     <span class='ocr_line' id='line_1_32' title="bbox 611 4587 1906 4680; baseline -0.02 -5"><span class='ocrx_word' id='word_1_303' title='bbox 611 4608 672 4675; x_wconf 92' lang='lat' dir='ltr'>filii</span> <span class='ocrx_word' id='word_1_304' title='bbox 688 4607 830 4676; x_wconf 86' lang='lat' dir='ltr'>Galfridi</span> <span class='ocrx_word' id='word_1_305' title='bbox 844 4606 883 4671; x_wconf 92' lang='lat' dir='ltr'>de</span> <span class='ocrx_word' id='word_1_306' title='bbox 899 4604 1085 4680; x_wconf 90' lang='lat' dir='ltr'>Honidene,</span> <span class='ocrx_word' id='word_1_307' title='bbox 1102 4603 1134 4668; x_wconf 95' lang='lat' dir='ltr'>et</span> <span class='ocrx_word' id='word_1_308' title='bbox 1149 4601 1349 4668; x_wconf 87' lang='lat' dir='ltr'>vocaverunt</span> <span class='ocrx_word' id='word_1_309' title='bbox 1366 4597 1492 4662; x_wconf 88' lang='lat' dir='ltr'>dictum</span> <span class='ocrx_word' id='word_1_310' title='bbox 1503 4592 1718 4676; x_wconf 87' lang='lat' dir='ltr'>Radulphum</span> <span class='ocrx_word' id='word_1_311' title='bbox 1734 4587 1906 4653; x_wconf 91' lang='lat' dir='ltr'>dominum</span> 
     </span>
     <span class='ocr_line' id='line_1_33' title="bbox 613 4691 1906 4785; baseline -0.021 -5"><span class='ocrx_word' id='word_1_312' title='bbox 613 4712 788 4780; x_wconf 83' lang='lat' dir='ltr'>domus&#39;ad</span> <span class='ocrx_word' id='word_1_313' title='bbox 804 4711 978 4778; x_wconf 85' lang='lat' dir='ltr'>introitum</span> <span class='ocrx_word' id='word_1_314' title='bbox 994 4707 1198 4774; x_wconf 88' lang='lat' dir='ltr'>habendum.</span> <span class='ocrx_word' id='word_1_315' title='bbox 1243 4703 1361 4769; x_wconf 85' lang='lat' dir='ltr'>Dictus</span> <span class='ocrx_word' id='word_1_316' title='bbox 1376 4699 1572 4785; x_wconf 88' lang='lat' dir='ltr'>Radulphus</span> <span class='ocrx_word' id='word_1_317' title='bbox 1588 4693 1764 4779; x_wconf 90' lang='lat' dir='ltr'>congnovit</span> <span class='ocrx_word' id='word_1_318' title='bbox 1780 4691 1906 4756; x_wconf 89' lang='lat' dir='ltr'>dictum</span> 
     </span>
     <span class='ocr_line' id='line_1_34' title="bbox 613 4797 1904 4904; baseline -0.019 -20"><span class='ocrx_word' id='word_1_319' title='bbox 613 4819 804 4904; x_wconf 90' lang='lat' dir='ltr'>Philippum</span> <span class='ocrx_word' id='word_1_320' title='bbox 820 4815 1006 4900; x_wconf 87' lang='lat' dir='ltr'>garcionem</span> <span class='ocrx_word' id='word_1_321' title='bbox 1030 4817 1062 4878; x_wconf 95' lang='lat' dir='ltr'>et</span> <span class='ocrx_word' id='word_1_322' title='bbox 1088 4811 1164 4876; x_wconf 86' lang='lat' dir='ltr'>lecit</span> <span class='ocrx_word' id='word_1_323' title='bbox 1190 4809 1337 4875; x_wconf 88' lang='lat' dir='ltr'>hostium</span> <span class='ocrx_word' id='word_1_324' title='bbox 1363 4805 1500 4890; x_wconf 87' lang='lat' dir='ltr'>aperire.</span> <span class='ocrx_word' id='word_1_325' title='bbox 1526 4852 1534 4868; x_wconf 92' lang='lat'><strong>.</strong></span> <span class='ocrx_word' id='word_1_326' title='bbox 1560 4851 1569 4868; x_wconf 91' lang='lat'><strong>.</strong></span> <span class='ocrx_word' id='word_1_327' title='bbox 1594 4851 1602 4866; x_wconf 94' lang='lat'><strong>.</strong></span> <span class='ocrx_word' id='word_1_328' title='bbox 1624 4802 1671 4867; x_wconf 85' lang='lat' dir='ltr'>Et</span> <span class='ocrx_word' id='word_1_329' title='bbox 1695 4797 1810 4866; x_wconf 87' lang='lat' dir='ltr'>exinde</span> <span class='ocrx_word' id='word_1_330' title='bbox 1833 4815 1904 4880; x_wconf 89' lang='lat' dir='ltr'>per·</span> 
     </span>
    </p>
   </div>
   <div class='ocr_carea' id='block_1_9' title="bbox 0 0 2174 5722">
    <p class='ocr_par' dir='ltr' id='par_1_10' title="bbox 0 0 2174 5722">
     <span class='ocr_line' id='line_1_35' title="bbox 0 0 2174 5722; baseline 0 0"><span class='ocrx_word' id='word_1_331' title='bbox 0 0 2174 5722; x_wconf 95' lang='lat' dir='ltr'> </span> 
     </span>
    </p>
   </div>
  </div>
 </body>
</html>
