4372 5724
556 565 602 635 36
1022 541 1231 636 coronans
1255 581 1387 642 11111,

555 749 683 816 invenit
700 749 730 816 ei
753 749 877 834 plegios
893 750 933 816 (11
956 771 1036 835 pace
1051 751 1221 818 Andream
1245 751 1285 818 (11
1305 751 1496 820 Wroxhulle
1511 757 1544 820 et
1567 754 1745 839 Hugone'm
1761 755 1856 820 Brun

557 855 598 920 de
614 856 829 922 Wottounne.

624 1044 724 1125 Hugc
755 1043 795 1107 de
828 1041 950 1109 Sancto
979 1043 1145 1110 Eduardo
1169 1047 1203 1110 11
1226 1043 1413 1111 Willelmus
1436 1045 1584 1112 Freman
1610 1045 1650 1112 de
1674 1046 1859 1114 Wottunne

559 1149 724 1214 venerunt
754 1145 790 1210 in
820 1147 919 1231 pleno
949 1147 1112 1213 comitatu
1139 1151 1176 1228 et
1202 1148 1371 1233 petierunt
1401 1170 1517 1233 pacem
1544 1150 1672 1216 domini
1701 1149 1789 1233 regis
1819 1149 1859 1214 de
1927 1205 1929 1210 .

560 1251 724 1318 Willelmo
740 1251 832 1328 Astel
847 1251 886 1316 de
902 1252 1084 1319 Wottunne
1101 1273 1139 1318 eo
1155 1253 1242 1336 quod
1264 1251 1457 1318 minabatur
1472 1255 1520 1320 eia
1535 1254 1575 1320 de
1591 1253 1660 1319 vita
1671 1257 1704 1320 11
1720 1253 1858 1319 membr’

562 1355 602 1420 de
626 1355 854 1420 combustione
881 1355 1065 1433 domorum,
1093 1359 1127 1422 11
1151 1356 1343 1422 habuerunt
1370 1360 1505 1436 11111111,
1521 1359 1555 1424 11
1578 1361 1772 1442 preceptum
1797 1357 1862 1430 fuit

563 1459 649 1543 quod
666 1459 774 1524 dictus
789 1459 975 1525 Willelmus
991 1461 1082 1525 Astel
1098 1459 1313 1527 attachietur.

565 1679 699 1738 Placita
716 1681 946 1737 coronatoris¹
964 1685 1165 1749 presentata
1182 1681 1228 1737 ad
1243 1681 1445 1738 comitatum
1462 1682 1546 1738 Bed’
1558 1682 1622 1739 'die
1639 1683 1737 1738 Lune
1759 1683 1862 1750 prox’

665 1767 746 1820 ante
775 1764 904 1822 festum
933 1764 966 1820 S.
993 1763 1135 1830 Georgii
1162 1763 1317 1820 Mentiris
1346 1779 1436 1820 enno
1464 1765 1564 1833 regni
1586 1763 1864 1832 regiendwardi

637 2254 810 2323 iohannes
834 2253 1045 2340 Spendelowe
1068 2255 1126 2340 qui
1156 2254 1376 2322 subscribitur
1400 2256 1519 2322 ductus
1542 2257 1578 2322 in
1608 2257 1745 2342 plenum
1768 2255 1869 2322 comi-

571 2361 681 2432 tatum
697 2361 805 2445 primo
821 2360 874 2428 dis
889 2360 985 2430 Lune
1000 2361 1091 2443 prox'
1107 2363 1185 2430 ante
1201 2361 1324 2427 festum
1341 2359 1456 2428 Sancti
1471 2361 1604 2446 Georgii
1616 2361 1765 2428 Murtiris
1780 2379 1871 2427 anno

572 2467 667 2550 regni
682 2467 768 2553 regis
784 2465 942 2560 [quarto].
968 2513 976 2530 .
1002 2515 1010 2531 .
1034 2515 1043 2532 .

643 2955 823 3048 Inquisicio
839 2964 927 3028 facta
943 2983 1054 3029 coram
1070 2965 1110 3030 R.
1127 2964 1167 3031 de
1194 2964 1336 3032 Crerker
1363 2967 1557 3030 coronatore
1582 2983 1640 3046 per
1664 2961 1712 3046 iij.
1729 2961 1872 3040 villabus,

436 3040 465 3069 ω’
576 3068 717 3146 Tilbroe,
743 3069 846 3146 Dene,
873 3067 1106 3148 Perthenhale‚
1134 3068 1295 3135 debonis
1321 3068 1500 3134 Eustachii
1520 3067 1643 3133 Putthe
1668 3066 1708 3130 de
1735 3065 1873 3150 Tylbroe

576 3174 655 3258 quia
685 3173 895 3256 abjuraverat
925 3193 1090 3257 rengnum
1113 3173 1200 3257 regis
1230 3173 1320 3258 apud
1343 3172 1549 3257 Spaudingea
1577 3192 1614 3237 eo
1639 3170 1727 3254 quod
1757 3172 1875 3254 captus

578 3279 642 3344 1111
658 3300 718 3363 pro
735 3277 945 3362 suspecoione
958 3277 970 3314 ²
985 3279 1150 3344 latrocinii
1165 3281 1198 3344 11
1213 3277 1387 3363 positusin
1402 3277 1537 3361 prisona
1548 3275 1674 3340 domini
1683 3273 1771 3358 regis
1787 3275 1876 3357 apud

577 3383 810 3466 Hodingdone,
828 3385 860 3447 11
877 3382 1001 3447 dictam
1017 3381 1188 3466 prisonem
1205 3381 1303 3466 fregit
1318 3384 1350 3446 11
1368 3380 1452 3464 fugit
1468 3380 1557 3467 apud
1575 3378 1769 3463 Spaldcwyk
1781 3381 1814 3443 et
1829 3377 1876 3442 ibi

578 3491 697 3570 captus
722 3487 786 3551 tuit
816 3485 851 3550 in
882 3486 1036 3551 libertate
1063 3486 1208 3570 episcopi
1233 3484 1488 3562 Lincolniensis,
1515 3487 1548 3549 et
1579 3484 1676 3568 fregit
1705 3483 1876 3567 prisonem

579 3585 724 3674 episcopi
743 3595 776 3656 et
802 3590 887 3674 fugit
911 3590 954 3654 ad
981 3589 1154 3654 1111111111
1182 3591 1222 3655 de
1250 3588 1434 3674 Spaldewik
1461 3587 1565 3653 stibi
1591 3585 1774 3653 secundum
1800 3606 1876 3652 con·

579 3694 791 3760 suetudinem
808 3693 924 3778 Anglie
939 3693 1207 3778 abjuraveravit³
1222 3714 1362 3778 regnum
1378 3691 1474 3777 regis.
1499 3741 1507 3756 .
1532 3741 1540 3756 .
1565 3741 1574 3757 .

583 4507 716 4565 Placita
734 4509 876 4564 corone⁴
894 4511 1094 4575 presentata
1111 4507 1154 4562 ed
1172 4507 1373 4562 comitatum
1399 4507 1441 4562 de
1467 4507 1550 4562 Bed'
1578 4505 1635 4562 die
1661 4505 1758 4560 Lune
1783 4503 1884 4571 prox’

648 4595 729 4648 ante
747 4591 994 4648 Ascensionem
1012 4591 1152 4647 Domini
1169 4604 1260 4647 anno
1277 4589 1377 4658 regni
1393 4589 1485 4656 regia
1503 4588 1666 4645 Edwardi
1683 4591 1816 4656 quarto.
