4326 5722
612 523 660 596 23
1076 540 1285 596 concisus·
1309 541 1439 597 nouis

612 711 713 779 veuit.
758 711 837 778 ldeo
862 733 921 796 per
946 712 1110 797 judicium
1140 711 1319 779 comitatus
1348 713 1448 779 datm
1476 716 1528 777 est
1556 711 1627 777 dies
1652 710 1696 776 eii
1725 731 1828 797 usqne
1858 713 1901 778 ad

610 817 799 902 proximum
814 819 1019 884 comitatum

678 922 765 988 Item
787 923 830 988 ad
852 924 1048 989 comItatum
1070 921 1151 990 Bed’
1174 922 1228 988 die
1249 922 1346 988 Lune
1368 923 1404 987 in
1427 923 1511 988 festo
1534 920 1764 988 conversionis
1788 921 1902 988 Sancti

611 1025 707 1094 Pauli
719 1049 807 1094 anno
818 1029 966 1114 predicto
977 1029 1148 1095 Johaunes
1157 1028 1248 1094 venit
1263 1033 1297 1093 et
1312 1029 1461 1112 sequitur
1470 1049 1585 1092 versus
1596 1026 1722 1090 dictum
1733 1026 1901 1092 Simonem

610 1132 668 1216 qui
684 1133 748 1200 luit
763 1134 907 1200 secundo
922 1134 1140 1218 interogatus,
1150 1155 1217 1199 uon
1233 1133 1335 1199 venit.
1380 1133 1460 1198 Ideo
1474 1155 1533 1218 per
1545 1133 1709 1217 judicium
1724 1133 1901 1198 comitatus

610 1237 711 1304 datus
726 1243 777 1306 est
793 1239 835 1304 eii
851 1239 921 1305 dies
936 1261 1040 1324 usque
1056 1239 1098 1306 ad
1114 1239 1302 1324 proximum
1317 1239 1526 1305 comitatum.

676 1345 762 1410 Item
778 1345 821 1410 ad
836 1345 1032 1411 comitatum
1048 1345 1128 1410 Bed'
1145 1344 1198 1410 die
1212 1345 1309 1410 Luna
1323 1344 1360 1409 in
1376 1345 1461 1410 leste
1484 1343 1647 1410 cathedre
1673 1343 1788 1410 Sancti
1811 1344 1901 1409 Petri

608 1468 699 1515 enno
713 1449 860 1534 predicto
870 1449 1042 1516 lohannes
1055 1448 1148 1515 venit
1162 1453 1196 1515 et
1211 1448 1360 1532 sequitur
1375 1469 1490 1514 versus
1505 1448 1632 1513 dictum
1649 1447 1817 1514 Simonem
1828 1453 1901 1514 tan·

608 1575 709 1638 quam
731 1575 847 1620 versus
862 1555 1004 1622 telonem
1026 1554 1084 1640 qui
1099 1555 1164 1620 fuit
1175 1554 1277 1620 tercio
1291 1554 1507 1638 interogatus,
1523 1575 1591 1618 non
1606 1552 1707 1618 venit.
1751 1553 1830 1619 Itleo
1844 1575 1902 1638 per

604 1657 766 1743 judicium
783 1660 962 1726 comitatus
978 1660 1077 1726 datus
1091 1664 1143 1726 est
1158 1659 1201 1726 eii
1216 1659 1287 1726 dies
1302 1680 1407 1743 usqne
1422 1659 1464 1725 ad
1480 1658 1666 1744 proximum
1681 1658 1886 1724 camiletum.

675 1765 761 1831 Item
770 1765 813 1832 ad
822 1765 1019 1832 comitatum
1034 1765 1115 1831 Bed'
1125 1765 1178 1830 die
1187 1765 1283 1832 Lune
1292 1767 1384 1848 prox’
1400 1767 1479 1830 unte
1491 1765 1612 1829 festum
1621 1762 1901 1828 Annunciacionis

607 1869 711 1937 Beate
717 1869 821 1936 Mario
829 1892 919 1936 anno
928 1871 1101 1956 predictoI
1102 1871 1251 1937 ohannes
1260 1870 1302 1935 de
1308 1867 1573 1935 Brutevilevenit
1584 1871 1618 1933 et
1629 1867 1778 1950 sequitur
1787 1888 1901 1932 versus

607 1973 736 2041 dictum
752 1974 921 2044 Simonem
931 1975 988 2060 qui
1000 1974 1064 2042 fuit
1075 1978 1193 2058 quarto
1202 1976 1418 2058 interogatus,
1428 1994 1496 2040 non
1507 1973 1608 2050 venit,
1621 1973 1672 2036 set
1682 1972 1846 2036 Rohertm
1861 1971 1901 2036 de

608 2077 697 2146 Eser
707 2079 715 2116 ¹
726 2079 917 2164 manucepit
932 2079 1059 2146 dictum
1072 2079 1243 2148 Simonem
1255 2079 1298 2145 ad
1311 2077 1504 2144 habendum
1514 2078 1556 2144 ad
1567 2077 1754 2162 proximum
1764 2076 1899 2142 couritu-

608 2186 693 2250 tum.
738 2183 817 2250 Ideo
830 2204 890 2269 per
909 2184 1073 2269 judicium
1088 2184 1267 2251 comitatus
1282 2183 1381 2251 datus
1395 2185 1446 2248 est
1461 2183 1505 2248 eii
1520 2182 1590 2248 dies
1606 2202 1709 2264 usque
1731 2179 1774 2248 ed
1792 2181 1898 2265 proxi-

607 2308 702 2354 mum
716 2289 924 2356 comitatum.

674 2394 687 2432 ²
702 2393 787 2461 Item
799 2394 840 2460 ad
853 2393 1047 2460 comitatum
1058 2393 1138 2460 Bed’
1149 2393 1202 2460 die
1214 2393 1309 2459 Lune
1321 2393 1412 2477 prox’
1423 2395 1499 2476 post
1511 2391 1598 2456 diem
1609 2391 1801 2456 Palmarum
1811 2411 1901 2457 anno

607 2497 689 2582 l⁰vj‘⁰
711 2498 820 2566 dictus
842 2499 1013 2567 iohannes
1035 2499 1075 2565 de
1098 2499 1267 2565 Brutevile
1288 2498 1380 2564 venit
1403 2503 1437 2563 et
1463 2497 1612 2581 seqnitur
1637 2517 1753 2562 versus
1775 2496 1901 2560 dictum

609 2603 778 2672 Simonem
793 2603 851 2688 qui
866 2603 929 2670 luit
944 2607 1063 2688 quarto
1078 2603 1294 2688 interogatus,
1311 2624 1380 2668 non
1395 2602 1497 2680 venit,
1513 2606 1563 2668 set
1578 2602 1741 2668 Robertus
1756 2601 1797 2666 <le
1814 2601 1901 2666 Eser

607 2707 798 2792 manucepit
813 2708 940 2774 dictum
962 2707 1131 2775 Simonem
1154 2709 1197 2776 ad
1219 2709 1411 2775 habendum
1434 2707 1477 2773 ad
1492 2707 1679 2791 proximum
1694 2706 1900 2772 comitatum.

607 2811 688 2877 Ideo
709 2831 767 2896 per
785 2811 949 2896 judicium
971 2811 1150 2880 comitatus
1173 2813 1273 2880 datus
1296 2816 1347 2880 est
1370 2812 1414 2879 eii
1434 2812 1504 2879 dies
1520 2833 1625 2896 nsque
1649 2812 1692 2878 ad
1714 2811 1900 2896 proximum

608 2914 829 2982 comitatum.²

674 3021 761 3086 Item
773 3021 814 3087 ed
826 3021 1022 3088 comitatum
1034 3021 1114 3087 Bed’
1127 3021 1180 3088 die
1196 3022 1292 3089 Luue
1303 3023 1395 3106 prox’
1408 3023 1484 3107 post
1499 3022 1587 3087 diem
1603 3021 1794 3087 Palmarum
1812 3041 1902 3084 anno

513 3203 517 3210 ,
608 3123 804 3210 l⁰vj⁸⁰dictus
813 3126 985 3192 Iohannes
994 3127 1085 3193 venit
1095 3129 1128 3192 et
1138 3127 1286 3210 sequitur
1296 3148 1412 3192 versus
1423 3127 1549 3192 dictum
1561 3127 1741 3202 Simonem,
1751 3135 1785 3190 et
1794 3124 1902 3189 dietus

610 3229 725 3298 Simon
740 3231 857 3314 quinto
871 3229 1094 3315 interrogatus
1109 3231 1200 3298 venit
1222 3235 1256 3298 et
1278 3232 1406 3298 invenit
1429 3231 1552 3316 plegios
1579 3231 1769 3314 Philippum
1795 3229 1901 3294 filium

607 3333 776 3420 Rariulphi
798 3335 839 3401 de
862 3335 970 3402 Parva
993 3335 1136 3415 Kainho,
1156 3336 1320 3402 'I'homam
1345 3337 1463 3402 Doune
1485 3337 1526 3402 de
1548 3334 1764 3413 Stachedene,
1779 3333 1901 3400 Redul·

607 3439 714 3524 phum
730 3439 869 3508 Golstan
884 3439 1054 3508 decadem
1069 3444 1103 3507 et
1118 3440 1316 3508 Michaelem
1333 3441 1474 3508 Golstcn
1489 3441 1530 3507 de
1545 3441 1671 3507 eadem.

674 3673 821 3760 Contigit
836 3674 871 3742 In
887 3674 964 3743 villa
979 3675 1019 3742 de
1034 3676 1144 3742 Elone
1167 3675 1203 3742 in
1224 3697 1291 3742 uno
1315 3675 1460 3742 hamello
1485 3675 1542 3761 qui
1562 3679 1698 3742 vocatur
1724 3675 1904 3760 Stapelh0³

607 3778 660 3846 die
677 3779 792 3848 Sabati
807 3781 842 3846 in
860 3781 943 3847 festo
960 3781 1076 3849 Sancti
1090 3781 1255 3847 Iohannis
1271 3802 1359 3847 anno
1375 3780 1456 3864 l⁰vj¹⁰
1471 3781 1558 3864 quod
1574 3781 1698 3846 felones
1709 3783 1743 3846 et
1758 3781 1903 3846 latrones

606 3887 769 3950 venerunt
799 3886 841 3951 ad
871 3885 1007 3952 domum
1037 3885 1186 3952 Anselmi
1212 3885 1375 3951 Bikeman
1400 3885 1440 3951 de
1466 3885 1644 3969 Stapelho³
1668 3904 1787 3969 parum
1814 3885 1903 3951 inira

606 3994 738 4057 noctem
753 3993 786 4056 et
802 3991 971 4075 fregerunt
986 3993 1146 4076 parietem
1163 3990 1253 4058 domi
1269 4013 1327 4057 sue
1350 4012 1389 4056 ex
1411 3995 1507 4074 parte
1527 3990 1723 4056 occidentali
1742 3993 1775 4054 et
1798 3989 1901 4056 intra·

606 4099 726 4161 verunt
756 4097 790 4161 et
819 4095 946 4161 dictum
975 4097 1170 4162 Anselmum
1194 4095 1310 4162 statim
1340 4095 1586 4161 insultaverunt
1616 4095 1674 4160 ⁴et
1704 4093 1836 4179 ipsum⁴
1866 4094 1903 4159 in

607 4198 755 4284 gorgiam
770 4220 847 4265 cum
862 4221 930 4266 uno
945 4201 1077 4267 cultello
1099 4205 1132 4267 et
1156 4201 1192 4266 iu
1215 4199 1374 4267 haterello
1395 4221 1471 4265 cum
1499 4221 1567 4266 una
1592 4200 1712 4266 hechia
1735 4203 1773 4266 ut
1799 4203 1902 4284 patet.

607 4304 653 4370 nt
669 4303 748 4370 vixit
763 4303 805 4370 ab
820 4304 935 4370 eadem
952 4307 1166 4389 nectensque
1191 4304 1232 4370 ad
1257 4304 1345 4370 diem
1372 4305 1468 4370 Lune
1494 4305 1583 4388 prox’
1601 4307 1793 4388 sequentem
1816 4303 1904 4369 eirca

607 4409 724 4476 horam
740 4409 958 4476 meridianam
974 4412 1007 4475 et
1023 4411 1103 4474 tunc
1122 4409 1215 4475 obiit.
1260 4408 1456 4475 Huttesium
1480 4409 1626 4475 levatum
1652 4407 1715 4472 luit
1738 4411 1772 4474 et
1793 4428 1902 4492 prose·

607 4516 732 4580 cutum.

673 4615 851 4701 Inquisieio
867 4619 954 4684 facte
970 4639 1081 4686 coram
1096 4619 1136 4685 R.
1153 4619 1193 4686 de
1209 4617 1442 4702 Goudingtoue
1463 4621 1657 4685 coronatore
1679 4637 1737 4701 per
1760 4615 1818 4700 iiij.
1835 4615 1902 4682 vill’

606 4720 866 4807 propinquiores,
883 4723 1003 4802 Elone,
1026 4723 1303 4809 Wybaudestone,
1329 4721 1508 4790 Colesdene
1530 4725 1563 4789 et
1587 4721 1820 4789 Chalvesterne
1842 4742 1903 4804 pro

642 4862 647 4890 ¹
667 4859 721 4914 Sic.
821 4861 854 4890 Μ
870 4861 922 4910 Not
931 4860 958 4910 in
968 4862 989 4910 B
1000 4879 1006 4921 ;
1025 4860 1156 4928 evidently
1168 4861 1304 4914 ocareless
1316 4861 1456 4924 repetition
1467 4862 1494 4910 ol
1507 4860 1552 4910 tha
1563 4858 1700 4922 preceding
1712 4857 1868 4922 paragraph.

804 4928 968 4992 'stupellas
980 4929 1010 4978 B.
1301 4930 1333 4958 ⁴⁸¹
1345 4929 1660 4992 etipcumperccsecruat
1672 4927 1702 4974 B.
