4364 5736
558 531 629 604 101
690 601 699 614 ,
1027 551 1234 608 consuens·
1260 553 1390 612 nouus.

623 717 803 802 Inquisioio
818 723 915 805 capta
930 721 1019 806 apud
1035 721 1184 788 Merloue
1200 722 1253 790 die
1268 723 1389 790 Martis
1400 725 1491 810 prox'
1508 726 1584 808 post
1600 724 1723 789 festum
1739 725 1859 790 Sancte

558 823 732 890 Trinitatis
748 844 837 891 anno
852 825 946 908 regni
957 825 1043 909 regis
1054 825 1188 892 Ricardi
1204 828 1340 894 ssoundi
1355 833 1430 914 post
1445 831 1662 912 conquestum
1679 837 1734 893 xx⁰
1748 849 1860 893 eoram

402 955 475 1036 ‘ima
497 1007 509 1036 θ
558 929 700 994 Roberto
717 929 756 993 de
772 927 930 995 Locwode
941 950 1007 995 uno
1020 934 1253 997 coronatorum
1269 932 1396 997 domini
1412 933 1499 1016 regis
1514 933 1551 996 in
1574 932 1735 998 comitatu
1761 931 1859 1000 suff·

559 1053 657 1116 super
682 1033 791 1098 visum
814 1033 958 1117 corporis
981 1034 1145 1100 Johannis
1171 1036 1274 1101 Swale
1297 1058 1355 1120 per
1379 1039 1625 1102 sacromentum
1656 1084 1664 1100 .
1693 1086 1700 1100 .
1726 1037 1748 1100 .¹
1769 1035 1861 1120 jura·

559 1141 671 1203 torum
694 1138 734 1203 de
757 1141 899 1220 quatuor
922 1139 1046 1206 villatis
1068 1141 1367 1224 propinquioribus.
1414 1142 1477 1224 Qui
1499 1141 1615 1206 dieunt
1639 1162 1738 1224 super
1754 1161 1863 1206 saera·

560 1245 755 1308 montosus
778 1244 865 1326 quod
889 1244 941 1310 die
963 1245 1059 1309 Lune
1081 1247 1172 1328 prox'
1189 1249 1263 1329 post
1287 1247 1409 1312 festum
1432 1246 1617 1330 predictum
1640 1267 1729 1310 anuo
1745 1249 1778 1311 et
1793 1246 1863 1310 looo

561 1346 758 1430 supradietis
789 1348 967 1414 Nioholaus
998 1349 1038 1414 de
1069 1349 1268 1415 Chetultone
1297 1351 1388 1416 venit
1418 1371 1477 1434 per
1507 1349 1633 1432 regiam
1666 1349 1756 1414 viam
1787 1369 1862 1414 oum

463 1503 466 1509 .
560 1453 681 1537 pannis
702 1452 799 1518 lineis
823 1457 856 1520 et
879 1454 984 1520 laneis
1000 1457 1033 1520 st
1048 1455 1123 1521 aliis
1147 1455 1254 1535 bonis,
1272 1458 1305 1521 et
1321 1459 1483 1521 venerunt
1504 1476 1603 1538 super
1627 1475 1704 1519 eum
1727 1453 1863 1538 quidam

421 1551 486 1607 ¹1⁸
561 1559 707 1624 latrones
732 1561 764 1624 et
789 1559 971 1626 voluisseut
995 1561 1152 1626 occidisse
1177 1582 1254 1626 eum
1277 1564 1310 1626 et
1334 1561 1531 1646 depredasse
1555 1580 1642 1626 eum.
1689 1560 1735 1624 Et
1752 1559 1860 1624 dictus

563 1662 741 1728 Nioholsus
757 1663 793 1728 in
808 1663 946 1730 deiensu
963 1665 1014 1730 sui
1029 1665 1134 1748 ipsius
1150 1686 1226 1729 oum
1243 1687 1310 1730 uno
1325 1665 1442 1731 baculo
1458 1663 1560 1749 preoii
1571 1665 1597 1748 j.
1610 1664 1641 1728 (1.
1655 1662 1864 1747 perueniebat

563 1787 669 1831 unum
696 1767 736 1832 de
759 1767 857 1834 dictis
881 1769 1066 1834 latronibus
1091 1769 1148 1852 qui
1172 1769 1353 1835 vocabatur
1380 1769 1552 1834 lohannes
1581 1767 1687 1834 Swsle
1714 1769 1801 1832 reate
1828 1766 1864 1830 in

482 1867 484 1869 ’
564 1870 671 1954 eapite
687 1891 745 1954 per
761 1873 847 1954 quod
864 1872 980 1937 stetim
995 1875 1112 1957 postea
1127 1873 1208 1938 obiit
1225 1877 1275 1938 set
1291 1873 1409 1938 habuit
1421 1871 1499 1956 jura
1515 1871 1649 1937 ecclesie
1664 1874 1697 1936 et
1714 1871 1864 1954 sepultus

564 1979 625 2040 est.
671 1975 718 2040 Et
733 1975 901 2058 predictus
917 1976 1097 2042 Nioholaus
1114 1997 1148 2042 se
1163 1977 1301 2042 retraxit
1322 1975 1513 2042 immediate
1529 1978 1605 2060 post
1621 1976 1776 2040 feloniam
1791 1994 1864 2060 pre·

565 2078 688 2144 dietam
704 2100 780 2144 oum
796 2079 950 2145 omnibus
965 2079 1061 2145 bonis
1076 2083 1109 2146 et
1124 2080 1254 2146 catallis
1270 2079 1349 2157 suis,
1366 2081 1430 2145 eto.

975 2658 1467 2760 [STAFFORDSHIRE.³]

636 2874 816 2959 Inquisioio
831 2877 928 2959 capta
944 2874 1033 2960 apud
1048 2875 1356 2942 Haraldeswestoue
1368 2896 1480 2941 eoram
1491 2875 1620 2940 Thoma
1632 2874 1672 2940 de
1681 2873 1871 2940 Wolastons

570 3001 638 3045 uno
654 2981 803 3056 coronat?
817 2979 944 3046 domini
959 2979 1046 3064 regis
1062 2979 1097 3044 in
1116 2980 1277 3046 comitatu
1303 2980 1400 3049 Staff’
1427 2981 1480 3046 die
1502 2979 1659 3046 Mercurii
1681 2979 1772 3062 prox’
1796 2981 1872 3061 post

571 3085 694 3151 festum
717 3085 949 3168 Apostolorum
973 3084 1064 3152 Petri
1086 3088 1119 3150 et
1142 3084 1239 3151 Pauli
1261 3105 1350 3150 anno
1374 3084 1467 3169 regni
1491 3085 1578 3168 regis
1602 3081 1741 3148 Henrioi
1761 3081 1872 3166 quarti

572 3194 647 3274 poet
663 3193 880 3274 conquestum
897 3190 1072 3256 undecimo
1081 3212 1140 3275 per
1156 3194 1299 3275 quatuor
1314 3191 1446 3258 villatas
1461 3188 1712 3275 propinquiores
1722 3188 1873 3254 videlicet

573 3295 890 3372 Haraldeswestoue,
928 3295 1090 3372 Woltone,
1122 3295 1277 3378 Norbury
1307 3297 1340 3359 et
1370 3295 1462 3360 Mers
1493 3315 1591 3378 super
1621 3293 1695 3358 visu
1727 3291 1874 3375 eorporis

428 3450 446 3490 0.
498 3471 506 3480 ,
574 3399 738 3466 iohannis
755 3399 898 3483 Taylour
914 3399 954 3464 de
977 3399 1286 3465 Haraldeswestoue
1308 3419 1367 3483 per
1391 3401 1638 3464 sacramentum
1664 3444 1671 3461 .
1697 3445 1705 3460 .
1731 3398 1752 3460 .⁴
1809 3395 1874 3476 Qui

416 3511 486 3592 2⁰53„
575 3504 690 3568 dieunt
706 3523 804 3587 super
820 3507 1068 3568 sacramentum
1084 3525 1183 3568 suum
1199 3504 1286 3588 quod
1312 3553 1319 3567 .
1345 3553 1352 3567 .
1378 3552 1386 3567 .
1412 3552 1419 3566 .
1465 3503 1511 3567 Et
1526 3501 1694 3586 prediatus
1712 3497 1874 3564 Ricardus

575 3611 650 3693 post
665 3607 820 3676 isloniam
835 3607 1017 3692 predictam
1034 3608 1080 3672 sio
1100 3609 1223 3674 factam
1243 3609 1350 3691 fugiit,
1368 3611 1400 3672 et
1424 3606 1510 3690 quod
1533 3606 1626 3697 nulla
1648 3605 1766 3670 habuit
1788 3604 1875 3669 bona

400 3751 459 3822 ..dp
478 3779 483 3789 ,
501 3697 531 3738 ⁰¹'
576 3714 645 3779 sivo
670 3713 801 3778 catalla.
848 3711 953 3778 Preoii
983 3713 1085 3796 gladii
1115 3712 1150 3796 ij.
1177 3733 1203 3777 s.
1235 3713 1323 3776 unde
1352 3712 1467 3777 villata
1498 3711 1537 3776 de
1567 3710 1875 3776 Haruldesvvestoue

419 3813 450 3842 '²
576 3819 723 3904 predicta
739 3817 960 3901 respondebit.

644 4136 823 4220 Inquisioio
835 4139 936 4230 'napta
951 4136 1039 4219 apud
1059 4135 1269 4219 Penkeryohe
1288 4155 1400 4201 soram
1418 4134 1547 4219 prelato
1571 4135 1699 4199 Thomu
1714 4133 1754 4198 de
1770 4133 1876 4198 Wolu·

580 4245 673 4307 stone
689 4262 756 4306 uno
775 4244 884 4306 ooron’
902 4240 1028 4306 domini
1050 4239 1136 4323 regis
1155 4241 1190 4304 iu
1209 4240 1370 4308 comitatu
1393 4239 1540 4324 predicto
1559 4238 1612 4303 die
1629 4237 1764 4304 Veneris
1786 4235 1876 4320 prox'

580 4349 658 4415 ante
670 4346 793 4412 festum
803 4344 1060 4410 Auunciaoionis
1070 4345 1173 4411 Beate
1185 4345 1291 4410 Mario
1302 4343 1448 4428 Virginis
1458 4364 1547 4410 anno
1559 4341 1654 4426 regni
1664 4341 1750 4425 regis
1763 4361 1877 4424 supra-

443 4463 470 4492 ⁰⁰
501 4511 528 4541 ῃ,
581 4450 661 4516 dioti
676 4449 922 4534 quartodecimo
941 4471 1040 4534 super
1056 4451 1130 4516 visu
1148 4449 1294 4534 eorporis
1317 4447 1487 4533 Rauulphi
1509 4447 1648 4513 Fullone
1662 4467 1722 4529 per
1737 4446 1883 4529 quatuor-

439 4564 510 4594 ”m
582 4554 714 4622 villatas
743 4555 994 4639 propinquiores
1020 4554 1170 4621 videlieet
1197 4555 1419 4640 Peukeryohe,
1450 4553 1635 4629 Dunstoue‚
1660 4550 1824 4616 Peletvale
1847 4551 1880 4615 et

618 4784 624 4812 ¹
644 4781 745 4831 Twelve
756 4794 855 4830 names.
906 4783 916 4810 ²
932 4780 1050 4844 Reudiug
1062 4773 1189 4831 doubtlul.
1258 4783 1291 4845 by
1302 4783 1360 4832 tour
1377 4781 1437 4831 vills
1456 4782 1489 4844 by
1501 4780 1546 4830 the
1566 4778 1628 4829 oath
1647 4779 1675 4829 ο1
1692 4777 1790 4834 twelve,
1803 4791 1831 4826 or
1848 4776 1881 4840 by

616 4850 626 4877 ¹
643 4849 763 4905 11011168,
769 4847 982 4906 onemembrans‚
990 4849 1205 4906 11-14H0n.1v.;
1257 4849 1316 4899 lour
1328 4847 1387 4896 vills
1399 4847 1450 4898 sud
1462 4847 1495 4910 by
1506 4846 1552 4896 the
1563 4845 1626 4896 oath
1638 4845 1666 4894 ol
1676 4844 1775 4893 twelve.

583 4914 672 4964 eleseu
690 4914 807 4976 inquests
824 4914 911 4964 before
928 4913 1043 4964 Thomas
1061 4913 1207 4965 Wollsston
1293 4917 1301 4946 ⁸
1319 4914 1420 4964 Twelve
1431 4928 1530 4963 uernae.
1593 4913 1626 4942 Η
1644 4909 1753 4960 crossed
1762 4913 1815 4958 out.
